Date,Client,Contat_Name,First_Name,Last_Name,Department,Province,Payment_Method,Revenue,Profit,Profit_Margin,Data_Quality_Notes (Profit),Data_Quality_Notes (Profit_Margin)
6/11/2023,ARZAMART ,Ana Paula,Ana,Paula,Finance,Luanda,Transfer,4069,1015,0.249447039,,
12/25/2023,NOSSO SUPERMERCADO ,Jose Manuel,Jose,Manuel,Sales,Benguela,Card,6512,1641,0.251996314,,
3/25/2023,"TESLA, INC. ",Pedro Alves,Pedro,Alves,IT,Luanda,Cash,7342,1047,0.142604195,,
12/25/2022,SHOPRITE ANGOLA ,Ana Paula,Ana,Paula,Logistics,Huambo,Transfer,3411,1129,0.33098798,,
5/14/2022,NOSSO SUPERMERCADO ,Pedro Alves,Pedro,Alves,Sales,Luanda,Cash,4802,696,0.144939608,,
10/20/2022,ARZAMART ,Luiz Fernando,Luiz,Fernando,IT,Luanda,Transfer,3343,800,0.239306013,,
9/13/2023,SHOPRITE ANGOLA ,Pedro Alves,Pedro,Alves,Logistics,Luanda,Transfer,4478,1461,0.326261724,,
9/16/2023,"TESLA, INC. ",Ana Paula,Ana,Paula,Finance,Luanda,Card,7693,814,0.105810477,,
3/11/2023,AMAZON.CO ,Jose Manuel,Jose,Manuel,Logistics,Huambo,Cash,6938,1849,0.266503315,,
12/20/2022,MAXI CASH ,Jose Manuel,Jose,Manuel,Logistics,Luanda,Cash,4256,1845,0.433505639,,
5/27/2022,WALMART INTL ,Ana Paula,Ana,Paula,Logistics,Huambo,Cash,4164,1577,0.378722382,,
4/1/2022,"TESLA, INC. ",Jose Manuel,Jose,Manuel,Finance,Luanda,Card,6623,1521,0.229654235,,
12/22/2022,AMAZON.CO ,Carlos Miguel,Carlos,Miguel,IT,Luanda,PayPal,5378,1480,0.27519524,,
2/10/2022,ARZAMART ,Carlos Miguel,Carlos,Miguel,Logistics,Huambo,Card,4239,1462,0.344892663,,
12/26/2023,"TESLA, INC. ",Ana Paula,Ana,Paula,Logistics,Huambo,Card,3220,1540,0.47826087,,
12/20/2022,KERO ,Ana Paula,Ana,Paula,Finance,Luanda,Transfer,5986,1513,0.252756432,,
10/12/2022,KERO ,Marta Silva,Marta,Silva,Finance,Luanda,PayPal,5976,1926,0.322289157,,
3/3/2024,KERO ,Luiz Fernando,Luiz,Fernando,Sales,Luanda,Card,3340,1443,0.432035928,,
1/11/2024,NOSSO SUPERMERCADO ,Ana Paula,Ana,Paula,Finance,Luanda,Transfer,6798,1253,0.184318917,,
10/5/2023,SHOPRITE ANGOLA ,Marta Silva,Marta,Silva,IT,Luanda,Transfer,6641,1607,0.241981629,,
10/5/2023,NOSSO SUPERMERCADO ,Pedro Alves,Pedro,Alves,Logistics,Luanda,Card,4274,1165,0.272578381,,
1/4/2024,ARZAMART ,Luiz Fernando,Luiz,Fernando,Finance,Luanda,Transfer,6768,1484,0.219267139,,
11/2/2022,NOSSO SUPERMERCADO ,Luiz Fernando,Luiz,Fernando,Sales,Luanda,Transfer,3073,1610,0.523917995,,
11/14/2022,SHOPRITE ANGOLA ,Carlos Miguel,Carlos,Miguel,IT,Luanda,PayPal,7621,1105,0.144994095,,
9/14/2023,ARZAMART ,Luiz Fernando,Luiz,Fernando,Logistics,Luanda,Card,3945,1274,0.322940431,,
7/27/2022,WALMART INTL ,Carlos Miguel,Carlos,Miguel,Finance,Luanda,Transfer,7310,1566,0.214227086,,
2/23/2023,NOSSO SUPERMERCADO ,Pedro Alves,Pedro,Alves,Logistics,Huambo,Card,7623,1150,0.150859242,,
2/26/2022,WALMART INTL ,Ana Paula,Ana,Paula,Logistics,Huambo,Cash,4305,1387,0.322183508,,
6/26/2022,AMAZON.CO ,Marta Silva,Marta,Silva,IT,Luanda,Card,5750,865,0.150434783,,
4/7/2022,NOSSO SUPERMERCADO ,Ana Paula,Ana,Paula,Logistics,Luanda,PayPal,7629,1983,0.259929217,,
5/8/2023,SHOPRITE ANGOLA ,Carlos Miguel,Carlos,Miguel,IT,Luanda,Card,4240,1796,0.423584906,,
12/10/2022,SHOPRITE ANGOLA ,Luiz Fernando,Luiz,Fernando,Logistics,Luanda,Card,3406,1351,0.396652965,,
6/2/2022,MAXI CASH ,Ana Paula,Ana,Paula,IT,Luanda,Transfer,7277,1948,0.267692731,,
2/20/2023,NOSSO SUPERMERCADO ,Carlos Miguel,Carlos,Miguel,IT,Luanda,PayPal,3079,697,0.226372199,,
2/4/2022,MAXI CASH ,Carlos Miguel,Carlos,Miguel,Sales,Luanda,Transfer,6508,1466,0.225261217,,
3/2/2024,SHOPRITE ANGOLA ,Jose Manuel,Jose,Manuel,Logistics,Huambo,Cash,6277,950,0.151346184,,
5/11/2022,NOSSO SUPERMERCADO ,Luiz Fernando,Luiz,Fernando,Sales,Benguela,Transfer,6950,1172,0.168633094,,
9/24/2022,AMAZON.CO ,Pedro Alves,Pedro,Alves,Sales,Benguela,PayPal,4876,1075,0.220467596,,
9/28/2023,NOSSO SUPERMERCADO ,Jose Manuel,Jose,Manuel,Finance,Luanda,Cash,4547,933,0.205190235,,
9/25/2022,SHOPRITE ANGOLA ,Carlos Miguel,Carlos,Miguel,Logistics,Huambo,PayPal,7642,924,0.120910756,,
12/5/2023,ARZAMART ,Carlos Miguel,Carlos,Miguel,Logistics,Huambo,Cash,5881,1768,0.300629145,,
10/1/2023,"TESLA, INC. ",Marta Silva,Marta,Silva,IT,Luanda,Cash,4541,701,0.154371284,,
12/29/2022,"TESLA, INC. ",Luiz Fernando,Luiz,Fernando,Logistics,Huambo,Cash,5236,1943,0.371084798,,
5/24/2022,WALMART INTL ,Jose Manuel,Jose,Manuel,Sales,Benguela,Card,6597,1490,0.22586024,,
8/6/2022,MAXI CASH ,Luiz Fernando,Luiz,Fernando,Finance,Luanda,PayPal,4443,1403,0.315777628,,
8/13/2022,"TESLA, INC. ",Pedro Alves,Pedro,Alves,Logistics,Huambo,Cash,5860,607,0.103583618,,
8/16/2023,AMAZON.CO ,Marta Silva,Marta,Silva,Sales,Benguela,Card,7080,1810,0.255649718,,
5/24/2023,"TESLA, INC. ",Ana Paula,Ana,Paula,Logistics,Huambo,PayPal,5260,1408,0.267680608,,
3/10/2022,SHOPRITE ANGOLA ,Jose Manuel,Jose,Manuel,Finance,Luanda,Transfer,5842,1718,0.294077371,,
12/2/2023,SHOPRITE ANGOLA ,Carlos Miguel,Carlos,Miguel,Sales,Luanda,PayPal,5998,1031,0.17189063,,
1/28/2023,SHOPRITE ANGOLA ,Ana Paula,Ana,Paula,Finance,Luanda,PayPal,3166,1260,0.397978522,,
7/14/2022,NOSSO SUPERMERCADO ,Pedro Alves,Pedro,Alves,Logistics,Luanda,PayPal,6451,1491,0.231126957,,
12/10/2022,KERO ,Carlos Miguel,Carlos,Miguel,Sales,Luanda,Card,5441,1559,0.286528212,,
6/16/2022,NOSSO SUPERMERCADO ,Jose Manuel,Jose,Manuel,Finance,Luanda,Transfer,6021,1027,0.170569673,,
11/22/2023,NOSSO SUPERMERCADO ,Pedro Alves,Pedro,Alves,IT,Luanda,Cash,6114,541,0.088485443,,
3/7/2022,"TESLA, INC. ",Pedro Alves,Pedro,Alves,Sales,Luanda,Cash,4193,1929,0.460052468,,
11/21/2023,"TESLA, INC. ",Jose Manuel,Jose,Manuel,IT,Luanda,Cash,5910,686,0.11607445,,
2/14/2023,"TESLA, INC. ",Pedro Alves,Pedro,Alves,Logistics,Huambo,Transfer,4817,735,0.152584596,,
6/30/2022,AMAZON.CO ,Carlos Miguel,Carlos,Miguel,Logistics,Huambo,Transfer,4629,672,0.145171743,,
12/17/2023,"TESLA, INC. ",Pedro Alves,Pedro,Alves,Sales,Luanda,Cash,5852,829,0.141660971,,
7/17/2022,AMAZON.CO ,Pedro Alves,Pedro,Alves,Sales,Benguela,Card,4919,1900,0.386257369,,
2/3/2024,KERO ,Ana Paula,Ana,Paula,Sales,Luanda,PayPal,7616,1489,0.195509454,,
3/7/2022,"TESLA, INC. ",Carlos Miguel,Carlos,Miguel,Sales,Luanda,Transfer,7459,1145,0.153505832,,
4/9/2023,KERO ,Carlos Miguel,Carlos,Miguel,Sales,Luanda,Cash,4113,1039,0.252613664,,
9/22/2022,NOSSO SUPERMERCADO ,Luiz Fernando,Luiz,Fernando,IT,Luanda,Card,3312,1744,0.526570048,,
8/13/2023,KERO ,Luiz Fernando,Luiz,Fernando,Logistics,Huambo,PayPal,7569,1426,0.188400053,,
3/13/2022,WALMART INTL ,Luiz Fernando,Luiz,Fernando,Logistics,Luanda,Transfer,4393,1684,0.383337127,,
8/29/2022,ARZAMART ,Luiz Fernando,Luiz,Fernando,Finance,Luanda,Transfer,5140,1903,0.370233463,,
1/31/2023,ARZAMART ,Luiz Fernando,Luiz,Fernando,Sales,Benguela,Card,3289,827,0.251444208,,
10/6/2022,KERO ,Pedro Alves,Pedro,Alves,Logistics,Huambo,Cash,6146,631,0.102668402,,
7/31/2023,SHOPRITE ANGOLA ,Marta Silva,Marta,Silva,Sales,Benguela,PayPal,5702,1818,0.318835496,,
6/24/2023,NOSSO SUPERMERCADO ,Carlos Miguel,Carlos,Miguel,Sales,Benguela,Cash,4462,1992,0.446436576,,
12/19/2023,MAXI CASH ,Ana Paula,Ana,Paula,IT,Luanda,Cash,6676,1306,0.195626123,,
5/8/2023,MAXI CASH ,Marta Silva,Marta,Silva,Logistics,Huambo,Card,4772,643,0.134744342,,
10/13/2023,"TESLA, INC. ",Ana Paula,Ana,Paula,Sales,Luanda,Transfer,7989,1669,0.208912254,,
6/23/2022,AMAZON.CO ,Ana Paula,Ana,Paula,Finance,Luanda,Card,6251,1421,0.227323628,,
3/22/2022,KERO ,Jose Manuel,Jose,Manuel,Logistics,Luanda,PayPal,5236,589,0.112490451,,
6/3/2022,AMAZON.CO ,Carlos Miguel,Carlos,Miguel,IT,Luanda,Card,6848,1540,0.224883178,,
10/13/2023,MAXI CASH ,Luiz Fernando,Luiz,Fernando,IT,Luanda,PayPal,5143,1062,0.206494264,,
12/1/2022,MAXI CASH ,Jose Manuel,Jose,Manuel,Sales,Benguela,Transfer,5463,1362,0.249313564,,
7/2/2022,KERO ,Jose Manuel,Jose,Manuel,Sales,Luanda,Card,3931,1046,0.266090053,,
9/3/2023,AMAZON.CO ,Luiz Fernando,Luiz,Fernando,Finance,Luanda,Cash,6312,1947,0.308460076,,
8/8/2022,"TESLA, INC. ",Marta Silva,Marta,Silva,Finance,Luanda,Cash,5377,1283,0.23860889,,
4/27/2022,SHOPRITE ANGOLA ,Jose Manuel,Jose,Manuel,Logistics,Luanda,Cash,7120,1500,0.210674157,,
2/11/2022,WALMART INTL ,Luiz Fernando,Luiz,Fernando,IT,Luanda,PayPal,5742,1425,0.248171369,,
10/31/2023,MAXI CASH ,Jose Manuel,Jose,Manuel,Logistics,Huambo,Transfer,6947,1548,0.222829999,,
7/9/2022,KERO ,Marta Silva,Marta,Silva,Logistics,Huambo,Transfer,7481,1693,0.226306643,,
11/20/2022,NOSSO SUPERMERCADO ,Jose Manuel,Jose,Manuel,Logistics,Huambo,Card,4553,1357,0.298045245,,
8/6/2022,NOSSO SUPERMERCADO ,Marta Silva,Marta,Silva,Sales,Benguela,Card,4047,1400,0.345935261,,
1/9/2024,AMAZON.CO ,Luiz Fernando,Luiz,Fernando,Logistics,Luanda,Cash,3497,1085,0.310265942,,
2/4/2022,MAXI CASH ,Ana Paula,Ana,Paula,Sales,Luanda,Cash,6472,663,0.102441286,,
9/12/2023,KERO ,Marta Silva,Marta,Silva,Logistics,Huambo,Card,7350,1651,0.22462585,,
1/3/2023,WALMART INTL ,Ana Paula,Ana,Paula,IT,Luanda,Card,4130,962,0.232929782,,
4/23/2022,MAXI CASH ,Ana Paula,Ana,Paula,IT,Luanda,Card,3991,989,0.247807567,,
11/30/2023,SHOPRITE ANGOLA ,Ana Paula,Ana,Paula,Sales,Benguela,Cash,3094,1549,0.500646412,,
6/9/2022,"TESLA, INC. ",Jose Manuel,Jose,Manuel,Finance,Luanda,PayPal,5309,617,0.116217743,,
2/15/2022,AMAZON.CO ,Marta Silva,Marta,Silva,IT,Luanda,PayPal,6380,658,0.103134796,,
5/2/2022,AMAZON.CO ,Carlos Miguel,Carlos,Miguel,Logistics,Luanda,Cash,4229,567,0.134074249,,
1/7/2022,ARZAMART ,Jose Manuel,Jose,Manuel,Logistics,Huambo,Cash,3880,1220,0.31443299,,
3/23/2023,KERO ,Pedro Alves,Pedro,Alves,Sales,Luanda,PayPal,7201,1105,0.15345091,,
8/15/2023,KERO ,Ana Paula,Ana,Paula,Sales,Luanda,PayPal,5259,730,0.13880966,,
6/9/2023,NOSSO SUPERMERCADO ,Jose Manuel,Jose,Manuel,Logistics,Huambo,Cash,5087,561,0.110281109,,
5/5/2022,AMAZON.CO ,Pedro Alves,Pedro,Alves,Sales,Benguela,Cash,5700,1843,0.323333333,,
10/3/2022,SHOPRITE ANGOLA ,Carlos Miguel,Carlos,Miguel,Sales,Luanda,Card,6310,1742,0.276069731,,
9/4/2022,SHOPRITE ANGOLA ,Ana Paula,Ana,Paula,Sales,Luanda,Transfer,7021,1848,0.263210369,,
8/12/2023,ARZAMART ,Jose Manuel,Jose,Manuel,Logistics,Luanda,Transfer,4636,566,0.122088007,,
11/2/2023,WALMART INTL ,Carlos Miguel,Carlos,Miguel,Logistics,Luanda,Cash,3799,1678,0.441695183,,
10/12/2022,KERO ,Ana Paula,Ana,Paula,Sales,Benguela,Card,4587,1090,0.237628079,,
4/26/2022,NOSSO SUPERMERCADO ,Carlos Miguel,Carlos,Miguel,Sales,Benguela,Card,7684,745,0.096954711,,
2/27/2024,KERO ,Pedro Alves,Pedro,Alves,Finance,Luanda,Card,7370,532,0.072184532,,
5/22/2023,"TESLA, INC. ",Pedro Alves,Pedro,Alves,Sales,Luanda,Cash,3657,1487,0.406617446,,
5/6/2023,"TESLA, INC. ",Ana Paula,Ana,Paula,Finance,Luanda,PayPal,7103,541,0.076165001,,
12/17/2023,SHOPRITE ANGOLA ,Jose Manuel,Jose,Manuel,Sales,Luanda,PayPal,3630,1926,0.530578512,,
2/20/2023,KERO ,Jose Manuel,Jose,Manuel,Finance,Luanda,Transfer,6235,1761,0.282437851,,
5/2/2024,AMAZON.CO ,Ana Paula,Ana,Paula,Logistics,Huambo,Cash,4274,641,0.149976603,,
12/6/2023,NOSSO SUPERMERCADO ,Pedro Alves,Pedro,Alves,Finance,Luanda,PayPal,4881,1330,0.272485146,,
3/30/2023,SHOPRITE ANGOLA ,Marta Silva,Marta,Silva,Finance,Luanda,PayPal,5429,669,0.123227114,,
5/19/2022,AMAZON.CO ,Luiz Fernando,Luiz,Fernando,Sales,Benguela,Transfer,4467,591,0.132303559,,
2/22/2022,KERO ,Pedro Alves,Pedro,Alves,IT,Luanda,Card,7719,566,0.07332556,,
1/6/2024,MAXI CASH ,Ana Paula,Ana,Paula,Sales,Benguela,PayPal,5973,893,0.149506111,,
6/19/2022,SHOPRITE ANGOLA ,Ana Paula,Ana,Paula,Logistics,Huambo,Cash,3327,1621,0.487225729,,
5/3/2022,NOSSO SUPERMERCADO ,Pedro Alves,Pedro,Alves,Logistics,Luanda,PayPal,5688,1461,0.25685654,,
5/6/2023,SHOPRITE ANGOLA ,Marta Silva,Marta,Silva,Logistics,Luanda,Cash,7933,950,0.119752931,,
6/15/2022,MAXI CASH ,Carlos Miguel,Carlos,Miguel,Sales,Benguela,Card,7164,1404,0.195979899,,
6/22/2023,ARZAMART ,Jose Manuel,Jose,Manuel,Logistics,Luanda,Cash,6330,1579,0.249447077,,
1/20/2022,"TESLA, INC. ",Jose Manuel,Jose,Manuel,Logistics,Huambo,Card,5144,1297,0.252138414,,
2/20/2023,WALMART INTL ,Carlos Miguel,Carlos,Miguel,Finance,Luanda,PayPal,5351,1527,0.285367221,,
9/26/2023,AMAZON.CO ,Carlos Miguel,Carlos,Miguel,IT,Luanda,Cash,4751,777,0.163544517,,
2/25/2024,"TESLA, INC. ",Ana Paula,Ana,Paula,Sales,Luanda,Card,4937,1891,0.383026129,,
10/18/2022,"TESLA, INC. ",Marta Silva,Marta,Silva,Logistics,Luanda,PayPal,4246,1848,0.435233161,,
7/23/2023,AMAZON.CO ,Luiz Fernando,Luiz,Fernando,Finance,Luanda,Card,7941,1638,0.20627125,,
7/16/2023,KERO ,Pedro Alves,Pedro,Alves,Logistics,Huambo,Card,7224,679,0.093992248,,
11/28/2022,AMAZON.CO ,Carlos Miguel,Carlos,Miguel,Logistics,Luanda,Cash,5506,1151,0.209044679,,
1/8/2022,SHOPRITE ANGOLA ,Ana Paula,Ana,Paula,IT,Luanda,Card,3083,1878,0.609146935,,
2/26/2023,"TESLA, INC. ",Carlos Miguel,Carlos,Miguel,Finance,Luanda,Card,5144,1807,0.351283048,,
3/13/2023,"TESLA, INC. ",Jose Manuel,Jose,Manuel,IT,Luanda,Cash,3805,1558,0.409461235,,
6/23/2023,"TESLA, INC. ",Ana Paula,Ana,Paula,Sales,Benguela,PayPal,7164,1097,0.153126745,,
12/27/2023,ARZAMART ,Ana Paula,Ana,Paula,Sales,Luanda,Card,7099,1712,0.241160727,,
11/1/2022,WALMART INTL ,Ana Paula,Ana,Paula,Logistics,Luanda,Card,7870,1917,0.243583227,,
12/22/2022,SHOPRITE ANGOLA ,Luiz Fernando,Luiz,Fernando,Sales,Benguela,Transfer,6352,1790,0.281801008,,
8/18/2023,NOSSO SUPERMERCADO ,Ana Paula,Ana,Paula,Sales,Luanda,Card,5677,1047,0.184428395,,
12/4/2023,ARZAMART ,Jose Manuel,Jose,Manuel,Sales,Benguela,Cash,4352,1735,0.398667279,,
1/19/2024,WALMART INTL ,Marta Silva,Marta,Silva,Sales,Benguela,PayPal,6242,1787,0.286286447,,
1/22/2023,SHOPRITE ANGOLA ,Luiz Fernando,Luiz,Fernando,Sales,Luanda,Cash,3894,632,0.162300976,,
12/9/2023,ARZAMART ,Jose Manuel,Jose,Manuel,Finance,Luanda,PayPal,4509,1391,0.308494123,,
12/23/2022,ARZAMART ,Ana Paula,Ana,Paula,Sales,Benguela,Cash,6755,884,0.130866025,,
6/4/2022,NOSSO SUPERMERCADO ,Ana Paula,Ana,Paula,Sales,Luanda,PayPal,3368,1942,0.576603325,,
11/3/2022,NOSSO SUPERMERCADO ,Pedro Alves,Pedro,Alves,Sales,Luanda,Transfer,5976,1201,0.200970549,,
2/27/2023,AMAZON.CO ,Carlos Miguel,Carlos,Miguel,Sales,Luanda,PayPal,4302,1523,0.354021385,,
2/11/2024,WALMART INTL ,Ana Paula,Ana,Paula,Logistics,Huambo,Card,4094,699,0.170737665,,
5/30/2023,ARZAMART ,Marta Silva,Marta,Silva,Sales,Luanda,Transfer,7544,1950,0.258483563,,
3/3/2023,MAXI CASH ,Marta Silva,Marta,Silva,Sales,Benguela,Card,4179,789,0.188801149,,
12/5/2023,SHOPRITE ANGOLA ,Ana Paula,Ana,Paula,Finance,Luanda,Card,5523,1411,0.255477096,,
4/26/2022,KERO ,Carlos Miguel,Carlos,Miguel,Sales,Luanda,Cash,4201,968,0.230421328,,
9/9/2023,MAXI CASH ,Marta Silva,Marta,Silva,Logistics,Luanda,Transfer,7604,1464,0.192530247,,
11/17/2023,"TESLA, INC. ",Marta Silva,Marta,Silva,Logistics,Luanda,PayPal,6432,922,0.143345771,,
9/4/2022,"TESLA, INC. ",Carlos Miguel,Carlos,Miguel,Finance,Luanda,Card,7509,1238,0.164868824,,
6/5/2023,KERO ,Carlos Miguel,Carlos,Miguel,Sales,Benguela,Cash,5597,1387,0.247811327,,
5/23/2023,NOSSO SUPERMERCADO ,Jose Manuel,Jose,Manuel,Sales,Luanda,Cash,7900,1339,0.169493671,,
6/19/2023,MAXI CASH ,Jose Manuel,Jose,Manuel,Logistics,Luanda,Cash,4981,1506,0.302348926,,
1/30/2022,NOSSO SUPERMERCADO ,Carlos Miguel,Carlos,Miguel,Logistics,Huambo,Cash,5009,1107,0.221002196,,
8/6/2023,SHOPRITE ANGOLA ,Ana Paula,Ana,Paula,Logistics,Luanda,PayPal,3304,1463,0.44279661,,
6/29/2022,NOSSO SUPERMERCADO ,Luiz Fernando,Luiz,Fernando,IT,Luanda,PayPal,6645,958,0.144168548,,
2/5/2023,MAXI CASH ,Ana Paula,Ana,Paula,Finance,Luanda,Card,4240,1697,0.400235849,,
8/15/2022,NOSSO SUPERMERCADO ,Luiz Fernando,Luiz,Fernando,Finance,Luanda,Cash,6992,1694,0.242276888,,
10/7/2023,"TESLA, INC. ",Luiz Fernando,Luiz,Fernando,Logistics,Luanda,Card,4110,1048,0.254987835,,
1/14/2024,NOSSO SUPERMERCADO ,Ana Paula,Ana,Paula,Sales,Benguela,PayPal,6097,1019,0.167131376,,
10/8/2023,WALMART INTL ,Jose Manuel,Jose,Manuel,Finance,Luanda,Cash,5658,1537,0.27165076,,
11/12/2022,ARZAMART ,Marta Silva,Marta,Silva,Logistics,Huambo,Transfer,7813,1016,0.130039677,,
11/26/2023,KERO ,Marta Silva,Marta,Silva,Logistics,Huambo,Card,7321,697,0.095205573,,
9/22/2022,MAXI CASH ,Carlos Miguel,Carlos,Miguel,Logistics,Luanda,PayPal,6496,1897,0.292025862,,
12/28/2023,KERO ,Marta Silva,Marta,Silva,Logistics,Luanda,Cash,3701,1761,0.475817347,,
9/13/2022,AMAZON.CO ,Marta Silva,Marta,Silva,Finance,Luanda,Transfer,6410,1375,0.21450858,,
8/28/2022,MAXI CASH ,Pedro Alves,Pedro,Alves,Logistics,Huambo,Cash,7202,879,0.122049431,,
7/21/2023,ARZAMART ,Marta Silva,Marta,Silva,IT,Luanda,Card,7755,1486,0.191618311,,
3/16/2022,WALMART INTL ,Ana Paula,Ana,Paula,Finance,Luanda,Transfer,5534,953,0.172208168,,
9/30/2023,KERO ,Luiz Fernando,Luiz,Fernando,Sales,Benguela,Transfer,3205,1606,0.501092044,,
1/20/2024,WALMART INTL ,Carlos Miguel,Carlos,Miguel,Logistics,Huambo,PayPal,4746,1460,0.307627476,,
6/4/2023,ARZAMART ,Jose Manuel,Jose,Manuel,Logistics,Huambo,PayPal,7992,1661,0.207832833,,
9/16/2023,MAXI CASH ,Marta Silva,Marta,Silva,Logistics,Huambo,Transfer,5288,1692,0.319969743,,
11/15/2022,MAXI CASH ,Marta Silva,Marta,Silva,Logistics,Huambo,Cash,4941,700,0.141671726,,
3/6/2023,KERO ,Ana Paula,Ana,Paula,Sales,Benguela,Transfer,6915,1896,0.274186551,,
9/19/2022,KERO ,Luiz Fernando,Luiz,Fernando,Sales,Benguela,Transfer,7173,1187,0.165481667,,
8/16/2023,MAXI CASH ,Jose Manuel,Jose,Manuel,Logistics,Luanda,Card,3108,1564,0.503217503,,
10/5/2022,SHOPRITE ANGOLA ,Carlos Miguel,Carlos,Miguel,Logistics,Huambo,Card,3809,1462,0.383827776,,
9/7/2023,ARZAMART ,Jose Manuel,Jose,Manuel,Sales,Luanda,Cash,6557,526,0.080219613,,
1/22/2024,"TESLA, INC. ",Ana Paula,Ana,Paula,Finance,Luanda,Cash,6299,1202,0.19082394,,
5/25/2022,NOSSO SUPERMERCADO ,Luiz Fernando,Luiz,Fernando,Logistics,Huambo,Cash,7710,758,0.098313878,,
12/22/2022,MAXI CASH ,Marta Silva,Marta,Silva,Finance,Luanda,Card,7183,1209,0.168314075,,
6/7/2023,KERO ,Luiz Fernando,Luiz,Fernando,Sales,Benguela,Cash,6726,1621,0.241005055,,
7/29/2022,SHOPRITE ANGOLA ,Pedro Alves,Pedro,Alves,Logistics,Luanda,Transfer,4427,1827,0.412694827,,
4/2/2023,ARZAMART ,Carlos Miguel,Carlos,Miguel,IT,Luanda,PayPal,3924,692,0.176350663,,
2/18/2023,NOSSO SUPERMERCADO ,Ana Paula,Ana,Paula,Sales,Benguela,Card,4784,702,0.14673913,,
3/23/2022,SHOPRITE ANGOLA ,Jose Manuel,Jose,Manuel,Logistics,Luanda,Transfer,6525,1756,0.269118774,,
7/4/2023,NOSSO SUPERMERCADO ,Pedro Alves,Pedro,Alves,Finance,Luanda,Cash,5494,1384,0.251911176,,
4/10/2023,ARZAMART ,Luiz Fernando,Luiz,Fernando,IT,Luanda,Card,3284,1000,0.304506699,,
4/10/2022,KERO ,Jose Manuel,Jose,Manuel,IT,Luanda,Cash,7770,952,0.122522523,,
5/23/2022,SHOPRITE ANGOLA ,Pedro Alves,Pedro,Alves,IT,Luanda,Cash,7832,1991,0.254213483,,
8/2/2022,WALMART INTL ,Marta Silva,Marta,Silva,Sales,Benguela,Card,5317,1741,0.327440286,,
2/23/2023,MAXI CASH ,Jose Manuel,Jose,Manuel,Finance,Luanda,Transfer,3780,956,0.252910053,,
10/21/2023,ARZAMART ,Pedro Alves,Pedro,Alves,Finance,Luanda,Cash,5655,1064,0.188152078,,
2/25/2024,AMAZON.CO ,Carlos Miguel,Carlos,Miguel,Sales,Benguela,PayPal,7378,1641,0.222417999,,
6/6/2022,ARZAMART ,Ana Paula,Ana,Paula,IT,Luanda,Transfer,3804,1251,0.328864353,,
7/20/2023,"TESLA, INC. ",Ana Paula,Ana,Paula,Logistics,Huambo,Card,3055,1983,0.649099836,,
8/4/2023,WALMART INTL ,Marta Silva,Marta,Silva,IT,Luanda,Transfer,7263,1769,0.243563266,,
9/20/2023,KERO ,Marta Silva,Marta,Silva,Logistics,Huambo,PayPal,4973,1615,0.32475367,,
11/15/2022,"TESLA, INC. ",Carlos Miguel,Carlos,Miguel,Logistics,Huambo,Transfer,7585,992,0.130784443,,
11/18/2022,WALMART INTL ,Ana Paula,Ana,Paula,Logistics,Huambo,Transfer,6189,1231,0.198901276,,
3/29/2023,SHOPRITE ANGOLA ,Marta Silva,Marta,Silva,Finance,Luanda,Transfer,3295,1678,0.509256449,,
5/7/2022,AMAZON.CO ,Luiz Fernando,Luiz,Fernando,IT,Luanda,PayPal,4743,1750,0.36896479,,
7/26/2022,AMAZON.CO ,Pedro Alves,Pedro,Alves,Finance,Luanda,Card,7782,1188,0.152659985,,
3/24/2022,KERO ,Jose Manuel,Jose,Manuel,Sales,Luanda,Cash,6331,1228,0.193966198,,
6/21/2023,AMAZON.CO ,Ana Paula,Ana,Paula,IT,Luanda,Transfer,3160,1539,0.487025316,,
7/4/2023,AMAZON.CO ,Marta Silva,Marta,Silva,Sales,Luanda,Cash,5156,1724,0.334367727,,
12/24/2022,SHOPRITE ANGOLA ,Ana Paula,Ana,Paula,Sales,Benguela,Card,6262,1123,0.179335676,,
1/25/2024,"TESLA, INC. ",Ana Paula,Ana,Paula,Logistics,Huambo,Transfer,6076,966,0.158986175,,
9/30/2022,SHOPRITE ANGOLA ,Jose Manuel,Jose,Manuel,Sales,Luanda,PayPal,3098,1884,0.60813428,,
12/12/2022,"TESLA, INC. ",Jose Manuel,Jose,Manuel,Logistics,Luanda,Card,4245,1076,0.253474676,,
8/28/2023,SHOPRITE ANGOLA ,Luiz Fernando,Luiz,Fernando,Logistics,Luanda,Cash,6194,1198,0.19341298,,
3/11/2023,ARZAMART ,Marta Silva,Marta,Silva,Logistics,Luanda,Cash,5740,1474,0.256794425,,
7/19/2022,WALMART INTL ,Ana Paula,Ana,Paula,Finance,Luanda,Card,7243,854,0.117906945,,
9/27/2022,AMAZON.CO ,Jose Manuel,Jose,Manuel,Logistics,Huambo,Cash,5161,1680,0.32551831,,
3/15/2023,KERO ,Ana Paula,Ana,Paula,Sales,Luanda,PayPal,5730,709,0.123734729,,
1/21/2022,NOSSO SUPERMERCADO ,Pedro Alves,Pedro,Alves,Logistics,Luanda,Card,3985,867,0.217565872,,
11/17/2023,"TESLA, INC. ",Ana Paula,Ana,Paula,Logistics,Luanda,Transfer,5146,1931,0.375242907,,
10/2/2022,WALMART INTL ,Luiz Fernando,Luiz,Fernando,IT,Luanda,Transfer,4967,1994,0.401449567,,
12/2/2023,MAXI CASH ,Jose Manuel,Jose,Manuel,Sales,Benguela,Card,5030,1710,0.339960239,,
10/8/2022,KERO ,Marta Silva,Marta,Silva,Sales,Benguela,Card,5040,927,0.183928571,,
4/22/2022,MAXI CASH ,Luiz Fernando,Luiz,Fernando,Logistics,Huambo,PayPal,5323,556,0.104452376,,
12/5/2022,NOSSO SUPERMERCADO ,Carlos Miguel,Carlos,Miguel,Finance,Luanda,Card,7374,954,0.129373474,,
4/25/2023,NOSSO SUPERMERCADO ,Ana Paula,Ana,Paula,Logistics,Luanda,Transfer,7505,1545,0.205862758,,
7/6/2022,AMAZON.CO ,Ana Paula,Ana,Paula,IT,Luanda,PayPal,4650,1895,0.407526882,,
11/23/2023,KERO ,Ana Paula,Ana,Paula,Logistics,Luanda,Transfer,6888,1594,0.231416957,,
11/3/2023,KERO ,Carlos Miguel,Carlos,Miguel,IT,Luanda,Cash,5503,602,0.109394876,,
6/24/2023,KERO ,Jose Manuel,Jose,Manuel,Sales,Luanda,Cash,3763,936,0.248737709,,
7/6/2022,WALMART INTL ,Pedro Alves,Pedro,Alves,Sales,Luanda,Card,4017,1128,0.280806572,,
4/7/2022,MAXI CASH ,Carlos Miguel,Carlos,Miguel,Sales,Benguela,PayPal,5270,608,0.115370019,,
11/11/2022,MAXI CASH ,Luiz Fernando,Luiz,Fernando,Sales,Benguela,PayPal,4075,1936,0.475092025,,
12/21/2022,ARZAMART ,Jose Manuel,Jose,Manuel,Finance,Luanda,PayPal,7228,1546,0.213890426,,
7/20/2023,WALMART INTL ,Luiz Fernando,Luiz,Fernando,Sales,Benguela,PayPal,8000,1838,0.22975,,
8/17/2022,ARZAMART ,Luiz Fernando,Luiz,Fernando,Logistics,Luanda,Transfer,7277,592,0.081352206,,
7/23/2023,MAXI CASH ,Luiz Fernando,Luiz,Fernando,Finance,Luanda,Transfer,3627,983,0.271022884,,
6/4/2022,WALMART INTL ,Marta Silva,Marta,Silva,Sales,Luanda,Card,4561,1728,0.378864284,,
8/11/2022,AMAZON.CO ,Luiz Fernando,Luiz,Fernando,IT,Luanda,Card,6855,1229,0.179285193,,
12/17/2023,WALMART INTL ,Ana Paula,Ana,Paula,Logistics,Luanda,Card,4930,1508,0.305882353,,
7/7/2023,NOSSO SUPERMERCADO ,Pedro Alves,Pedro,Alves,IT,Luanda,Card,5793,1947,0.336095287,,
5/29/2023,MAXI CASH ,Luiz Fernando,Luiz,Fernando,Sales,Benguela,Card,4948,1418,0.286580437,,
6/14/2023,NOSSO SUPERMERCADO ,Marta Silva,Marta,Silva,Logistics,Luanda,Cash,7695,1766,0.229499675,,
1/15/2022,WALMART INTL ,Pedro Alves,Pedro,Alves,Sales,Luanda,Card,5362,965,0.17997016,,
4/2/2023,MAXI CASH ,Luiz Fernando,Luiz,Fernando,Sales,Luanda,PayPal,3277,1397,0.426304547,,
10/2/2024,WALMART INTL ,Luiz Fernando,Luiz,Fernando,IT,Luanda,Cash,6410,790,0.12324493,,
10/15/2022,SHOPRITE ANGOLA ,Marta Silva,Marta,Silva,Sales,Luanda,Card,5747,1004,0.174699843,,
10/13/2023,ARZAMART ,Jose Manuel,Jose,Manuel,Finance,Luanda,Cash,7456,619,0.083020386,,
12/13/2023,SHOPRITE ANGOLA ,Carlos Miguel,Carlos,Miguel,Sales,Benguela,PayPal,7632,1153,0.151074423,,
6/19/2023,ARZAMART ,Jose Manuel,Jose,Manuel,Finance,Luanda,PayPal,4837,892,0.184411826,,
4/16/2022,AMAZON.CO ,Marta Silva,Marta,Silva,Sales,Luanda,Card,7969,863,0.108294642,,
7/18/2022,NOSSO SUPERMERCADO ,Luiz Fernando,Luiz,Fernando,IT,Luanda,PayPal,4023,1201,0.298533433,,
1/12/2023,KERO ,Jose Manuel,Jose,Manuel,Finance,Luanda,PayPal,7955,1732,0.217724701,,
3/5/2024,KERO ,Luiz Fernando,Luiz,Fernando,Sales,Benguela,Cash,3766,605,0.160647902,,
12/5/2023,MAXI CASH ,Jose Manuel,Jose,Manuel,IT,Luanda,PayPal,6670,1165,0.174662669,,
12/31/2022,MAXI CASH ,Ana Paula,Ana,Paula,IT,Luanda,Cash,3917,915,0.233597141,,
9/15/2023,MAXI CASH ,Carlos Miguel,Carlos,Miguel,Logistics,Huambo,Cash,4465,1364,0.305487122,,
4/12/2022,NOSSO SUPERMERCADO ,Luiz Fernando,Luiz,Fernando,Sales,Luanda,Card,3932,673,0.171159715,,
3/31/2023,MAXI CASH ,Carlos Miguel,Carlos,Miguel,Logistics,Huambo,Card,8000,1398,0.17475,,
12/9/2022,SHOPRITE ANGOLA ,Ana Paula,Ana,Paula,Logistics,Huambo,Cash,5707,595,0.104257929,,
5/27/2022,WALMART INTL ,Pedro Alves,Pedro,Alves,Sales,Luanda,Card,6508,929,0.142747388,,
8/5/2022,AMAZON.CO ,Carlos Miguel,Carlos,Miguel,Sales,Benguela,Transfer,4735,1807,0.381626188,,
6/24/2023,KERO ,Marta Silva,Marta,Silva,Logistics,Luanda,Cash,3909,993,0.254029163,,
2/19/2022,KERO ,Marta Silva,Marta,Silva,Logistics,Huambo,Transfer,6450,1571,0.243565891,,
4/23/2022,KERO ,Carlos Miguel,Carlos,Miguel,Finance,Luanda,Transfer,4318,1905,0.441176471,,
7/11/2022,AMAZON.CO ,Carlos Miguel,Carlos,Miguel,Sales,Benguela,Transfer,3271,1260,0.385203302,,
1/19/2023,WALMART INTL ,Ana Paula,Ana,Paula,Logistics,Huambo,Card,7875,1025,0.13015873,,
4/5/2022,SHOPRITE ANGOLA ,Ana Paula,Ana,Paula,Logistics,Luanda,PayPal,5814,960,0.165118679,,
7/12/2022,ARZAMART ,Luiz Fernando,Luiz,Fernando,Finance,Luanda,Card,3507,526,0.149985743,,
6/22/2022,KERO ,Ana Paula,Ana,Paula,Sales,Benguela,Cash,3161,1771,0.560265739,,
1/31/2023,WALMART INTL ,Ana Paula,Ana,Paula,IT,Luanda,Cash,4784,1261,0.263586957,,
10/18/2023,SHOPRITE ANGOLA ,Marta Silva,Marta,Silva,Sales,Benguela,Transfer,3356,1705,0.508045292,,
10/2/2023,KERO ,Pedro Alves,Pedro,Alves,Finance,Luanda,Card,7137,620,0.086871234,,
6/11/2023,"TESLA, INC. ",Jose Manuel,Jose,Manuel,Sales,Luanda,PayPal,5137,1011,0.196807475,,
2/16/2022,SHOPRITE ANGOLA ,Ana Paula,Ana,Paula,Logistics,Huambo,Cash,6481,1324,0.204289462,,
9/26/2023,AMAZON.CO ,Carlos Miguel,Carlos,Miguel,Finance,Luanda,PayPal,3731,1597,0.428035379,,
1/31/2023,NOSSO SUPERMERCADO ,Marta Silva,Marta,Silva,Finance,Luanda,Card,6014,920,0.152976388,,
1/15/2022,MAXI CASH ,Jose Manuel,Jose,Manuel,IT,Luanda,Card,3256,1925,0.591216216,,
1/12/2023,KERO ,Luiz Fernando,Luiz,Fernando,Finance,Luanda,Cash,7010,1644,0.234522111,,
1/25/2022,ARZAMART ,Ana Paula,Ana,Paula,Logistics,Huambo,Transfer,3942,963,0.244292237,,
5/19/2022,MAXI CASH ,Marta Silva,Marta,Silva,IT,Luanda,Transfer,7546,719,0.095282269,,
11/4/2023,MAXI CASH ,Carlos Miguel,Carlos,Miguel,Logistics,Huambo,Cash,7297,1026,0.140605728,,
11/27/2022,KERO ,Carlos Miguel,Carlos,Miguel,Logistics,Huambo,Cash,4365,1315,0.301260023,,
1/20/2024,WALMART INTL ,Carlos Miguel,Carlos,Miguel,Logistics,Luanda,Transfer,4161,1426,0.34270608,,
4/28/2023,SHOPRITE ANGOLA ,Carlos Miguel,Carlos,Miguel,Logistics,Luanda,Card,6425,1045,0.162645914,,
12/29/2023,MAXI CASH ,Carlos Miguel,Carlos,Miguel,Logistics,Huambo,Card,6486,1636,0.252235584,,
10/22/2023,AMAZON.CO ,Carlos Miguel,Carlos,Miguel,IT,Luanda,Transfer,5780,1511,0.261418685,,
4/7/2022,"TESLA, INC. ",Carlos Miguel,Carlos,Miguel,IT,Luanda,Transfer,4767,1034,0.216907909,,
3/1/2024,KERO ,Luiz Fernando,Luiz,Fernando,Logistics,Luanda,PayPal,7733,1544,0.199663779,,
1/18/2024,KERO ,Luiz Fernando,Luiz,Fernando,Logistics,Huambo,Card,5311,707,0.13311994,,
2/22/2023,"TESLA, INC. ",Marta Silva,Marta,Silva,Sales,Benguela,Card,6448,1750,0.271401985,,
3/24/2023,MAXI CASH ,Pedro Alves,Pedro,Alves,Logistics,Huambo,Card,5139,567,0.11033275,,
1/18/2024,SHOPRITE ANGOLA ,Ana Paula,Ana,Paula,Sales,Benguela,Transfer,7035,705,0.10021322,,
4/20/2022,WALMART INTL ,Marta Silva,Marta,Silva,IT,Luanda,Card,5690,527,0.092618629,,
11/29/2023,KERO ,Jose Manuel,Jose,Manuel,Logistics,Huambo,Transfer,4288,1573,0.366837687,,
6/7/2022,AMAZON.CO ,Carlos Miguel,Carlos,Miguel,Finance,Luanda,Transfer,7813,966,0.123640087,,
2/5/2023,MAXI CASH ,Pedro Alves,Pedro,Alves,Finance,Luanda,Transfer,4419,1161,0.262729124,,
4/20/2022,MAXI CASH ,Carlos Miguel,Carlos,Miguel,Logistics,Huambo,Cash,4058,1002,0.246919665,,
10/13/2023,ARZAMART ,Pedro Alves,Pedro,Alves,Logistics,Luanda,PayPal,6776,1637,0.241587957,,
2/14/2022,MAXI CASH ,Marta Silva,Marta,Silva,IT,Luanda,Cash,3209,1289,0.401682767,,
3/24/2022,KERO ,Ana Paula,Ana,Paula,Logistics,Luanda,Cash,4100,1554,0.37902439,,
8/11/2022,KERO ,Luiz Fernando,Luiz,Fernando,IT,Luanda,Card,3459,1289,0.372651055,,
12/17/2022,NOSSO SUPERMERCADO ,Marta Silva,Marta,Silva,IT,Luanda,PayPal,4763,1881,0.394919169,,
10/18/2022,SHOPRITE ANGOLA ,Carlos Miguel,Carlos,Miguel,Sales,Benguela,Card,7585,1407,0.185497693,,
8/11/2022,MAXI CASH ,Jose Manuel,Jose,Manuel,Finance,Luanda,Transfer,4348,730,0.167893284,,
11/17/2023,KERO ,Jose Manuel,Jose,Manuel,Sales,Luanda,PayPal,6488,1429,0.220252774,,
8/4/2022,NOSSO SUPERMERCADO ,Luiz Fernando,Luiz,Fernando,Sales,Benguela,PayPal,7696,678,0.088097713,,
9/15/2022,MAXI CASH ,Marta Silva,Marta,Silva,Logistics,Huambo,PayPal,5304,1264,0.238310709,,
1/19/2024,KERO ,Pedro Alves,Pedro,Alves,Sales,Luanda,Card,5146,873,0.169646327,,
10/10/2022,AMAZON.CO ,Luiz Fernando,Luiz,Fernando,Logistics,Huambo,PayPal,4222,1269,0.300568451,,
5/29/2023,MAXI CASH ,Carlos Miguel,Carlos,Miguel,Sales,Benguela,Cash,5765,626,0.108586297,,
10/2/2022,AMAZON.CO ,Pedro Alves,Pedro,Alves,Logistics,Huambo,Cash,6211,1933,0.311222025,,
2/13/2023,AMAZON.CO ,Carlos Miguel,Carlos,Miguel,IT,Luanda,Cash,4884,1440,0.294840295,,
7/9/2023,SHOPRITE ANGOLA ,Marta Silva,Marta,Silva,Sales,Benguela,Cash,6657,1036,0.155625657,,
10/30/2023,WALMART INTL ,Carlos Miguel,Carlos,Miguel,Sales,Benguela,Transfer,3727,1604,0.430372954,,
12/8/2023,"TESLA, INC. ",Jose Manuel,Jose,Manuel,Sales,Luanda,Cash,3279,1447,0.441293077,,
12/12/2022,NOSSO SUPERMERCADO ,Luiz Fernando,Luiz,Fernando,Logistics,Luanda,Transfer,7101,782,0.110125334,,
9/21/2022,MAXI CASH ,Ana Paula,Ana,Paula,Finance,Luanda,PayPal,6491,1946,0.299799723,,
1/11/2022,KERO ,Luiz Fernando,Luiz,Fernando,Sales,Benguela,Transfer,6357,543,0.08541765,,
3/17/2023,"TESLA, INC. ",Ana Paula,Ana,Paula,IT,Luanda,Transfer,3485,1787,0.51276901,,
10/6/2022,ARZAMART ,Jose Manuel,Jose,Manuel,Sales,Luanda,PayPal,4968,1759,0.354066023,,
4/8/2022,WALMART INTL ,Luiz Fernando,Luiz,Fernando,Logistics,Huambo,Transfer,6531,618,0.094625632,,
2/26/2022,ARZAMART ,Carlos Miguel,Carlos,Miguel,IT,Luanda,Card,5077,1794,0.353358282,,
1/1/2023,KERO ,Carlos Miguel,Carlos,Miguel,Finance,Luanda,Cash,7431,1635,0.220024223,,
3/6/2023,AMAZON.CO ,Pedro Alves,Pedro,Alves,Logistics,Luanda,PayPal,6149,1175,0.191087982,,
6/16/2022,NOSSO SUPERMERCADO ,Luiz Fernando,Luiz,Fernando,Sales,Luanda,Cash,4607,1711,0.371391361,,
2/16/2022,NOSSO SUPERMERCADO ,Carlos Miguel,Carlos,Miguel,IT,Luanda,Transfer,6850,679,0.099124088,,
3/15/2023,"TESLA, INC. ",Carlos Miguel,Carlos,Miguel,Sales,Benguela,Transfer,4975,1924,0.386733668,,
2/1/2024,SHOPRITE ANGOLA ,Jose Manuel,Jose,Manuel,Finance,Luanda,Card,7113,1770,0.248840152,,
6/16/2023,NOSSO SUPERMERCADO ,Luiz Fernando,Luiz,Fernando,Logistics,Luanda,Transfer,7599,1521,0.200157916,,
2/25/2024,"TESLA, INC. ",Ana Paula,Ana,Paula,Sales,Luanda,Cash,5739,1976,0.344310856,,
1/9/2024,SHOPRITE ANGOLA ,Ana Paula,Ana,Paula,Logistics,Luanda,Cash,5128,829,0.161661466,,
6/6/2023,ARZAMART ,Marta Silva,Marta,Silva,Finance,Luanda,Card,6565,1129,0.171972582,,
6/30/2023,KERO ,Luiz Fernando,Luiz,Fernando,Finance,Luanda,PayPal,5181,778,0.150164061,,
5/19/2023,NOSSO SUPERMERCADO ,Pedro Alves,Pedro,Alves,Logistics,Luanda,PayPal,6266,881,0.140600064,,
6/9/2022,AMAZON.CO ,Ana Paula,Ana,Paula,Logistics,Luanda,Cash,6673,738,0.110594935,,
10/14/2023,"TESLA, INC. ",Jose Manuel,Jose,Manuel,Logistics,Luanda,PayPal,7035,1911,0.271641791,,
3/6/2022,"TESLA, INC. ",Carlos Miguel,Carlos,Miguel,IT,Luanda,Cash,4909,1335,0.271949481,,
3/18/2023,MAXI CASH ,Luiz Fernando,Luiz,Fernando,Finance,Luanda,Card,5562,1186,0.21323265,,
1/18/2024,SHOPRITE ANGOLA ,Pedro Alves,Pedro,Alves,Logistics,Luanda,Transfer,5746,1443,0.251131222,,
9/1/2022,ARZAMART ,Luiz Fernando,Luiz,Fernando,Finance,Luanda,Card,7233,1130,0.156228398,,
2/28/2022,WALMART INTL ,Jose Manuel,Jose,Manuel,Logistics,Huambo,Cash,5968,1755,0.294068365,,
9/17/2022,"TESLA, INC. ",Luiz Fernando,Luiz,Fernando,Logistics,Huambo,PayPal,4949,1597,0.322691453,,
9/12/2022,KERO ,Pedro Alves,Pedro,Alves,IT,Luanda,Transfer,3729,936,0.251005632,,
4/9/2023,AMAZON.CO ,Jose Manuel,Jose,Manuel,Logistics,Huambo,Card,7655,1925,0.251469628,,
9/26/2022,"TESLA, INC. ",Luiz Fernando,Luiz,Fernando,Sales,Benguela,PayPal,4274,1146,0.268132897,,
11/13/2023,ARZAMART ,Jose Manuel,Jose,Manuel,Logistics,Luanda,PayPal,4004,613,0.153096903,,
7/9/2023,WALMART INTL ,Luiz Fernando,Luiz,Fernando,Sales,Benguela,Transfer,7801,1339,0.171644661,,
9/18/2023,MAXI CASH ,Ana Paula,Ana,Paula,Logistics,Luanda,Transfer,6892,1130,0.163958212,,
10/8/2023,KERO ,Marta Silva,Marta,Silva,IT,Luanda,Card,6579,1461,0.222070223,,
5/25/2023,ARZAMART ,Pedro Alves,Pedro,Alves,Finance,Luanda,Transfer,4383,1998,0.455852156,,
9/27/2022,ARZAMART ,Ana Paula,Ana,Paula,Logistics,Huambo,PayPal,4451,1480,0.332509548,,
6/9/2022,WALMART INTL ,Pedro Alves,Pedro,Alves,Logistics,Huambo,PayPal,5222,1809,0.346418997,,
10/29/2023,SHOPRITE ANGOLA ,Ana Paula,Ana,Paula,Sales,Luanda,Card,4930,646,0.131034483,,
7/2/2024,SHOPRITE ANGOLA ,Carlos Miguel,Carlos,Miguel,Logistics,Huambo,Card,5984,887,0.14822861,,
1/22/2024,"TESLA, INC. ",Carlos Miguel,Carlos,Miguel,Finance,Luanda,Cash,5434,1815,0.334008097,,
1/25/2022,"TESLA, INC. ",Marta Silva,Marta,Silva,IT,Luanda,PayPal,3906,1917,0.49078341,,
9/17/2022,KERO ,Jose Manuel,Jose,Manuel,Sales,Benguela,Transfer,6667,1083,0.162441878,,
9/23/2023,ARZAMART ,Carlos Miguel,Carlos,Miguel,Logistics,Huambo,PayPal,4723,1459,0.308913826,,
3/31/2023,WALMART INTL ,Marta Silva,Marta,Silva,Finance,Luanda,Cash,6673,1785,0.267495879,,
4/22/2023,MAXI CASH ,Luiz Fernando,Luiz,Fernando,Logistics,Huambo,Cash,6278,554,0.088244664,,
4/16/2023,MAXI CASH ,Carlos Miguel,Carlos,Miguel,Sales,Benguela,Transfer,5053,1362,0.269542846,,
6/21/2023,"TESLA, INC. ",Jose Manuel,Jose,Manuel,IT,Luanda,PayPal,3769,530,0.140620854,,
7/24/2022,KERO ,Luiz Fernando,Luiz,Fernando,Logistics,Luanda,PayPal,5506,610,0.110788231,,
1/3/2024,"TESLA, INC. ",Ana Paula,Ana,Paula,Logistics,Luanda,Transfer,5863,1437,0.245096367,,
5/5/2022,SHOPRITE ANGOLA ,Ana Paula,Ana,Paula,Sales,Luanda,PayPal,3468,693,0.19982699,,
2/15/2023,NOSSO SUPERMERCADO ,Marta Silva,Marta,Silva,IT,Luanda,PayPal,4452,1358,0.305031447,,
6/7/2022,ARZAMART ,Ana Paula,Ana,Paula,Finance,Luanda,Cash,3786,1451,0.383254094,,
6/10/2023,NOSSO SUPERMERCADO ,Jose Manuel,Jose,Manuel,Logistics,Huambo,Card,3166,871,0.27511055,,
9/16/2023,"TESLA, INC. ",Pedro Alves,Pedro,Alves,Sales,Luanda,Transfer,5933,1698,0.286195854,,
8/2/2023,MAXI CASH ,Marta Silva,Marta,Silva,IT,Luanda,PayPal,5555,1860,0.334833483,,
1/15/2022,"TESLA, INC. ",Carlos Miguel,Carlos,Miguel,Sales,Luanda,PayPal,5602,1684,0.300606926,,
7/18/2022,"TESLA, INC. ",Carlos Miguel,Carlos,Miguel,IT,Luanda,Cash,4383,708,0.161533196,,
11/24/2022,"TESLA, INC. ",Ana Paula,Ana,Paula,Sales,Luanda,Transfer,6046,1828,0.30234866,,
7/22/2023,WALMART INTL ,Jose Manuel,Jose,Manuel,Sales,Luanda,Cash,3195,1412,0.441940532,,
8/27/2022,AMAZON.CO ,Luiz Fernando,Luiz,Fernando,IT,Luanda,Transfer,7460,1848,0.24772118,,
3/8/2023,ARZAMART ,Luiz Fernando,Luiz,Fernando,Sales,Luanda,Card,4251,1037,0.243942602,,
1/11/2022,"TESLA, INC. ",Ana Paula,Ana,Paula,Finance,Luanda,PayPal,4602,745,0.161886136,,
12/10/2023,"TESLA, INC. ",Luiz Fernando,Luiz,Fernando,Finance,Luanda,Cash,4323,1375,0.318066158,,
1/17/2023,NOSSO SUPERMERCADO ,Marta Silva,Marta,Silva,Finance,Luanda,PayPal,4758,1276,0.268179908,,
11/4/2022,SHOPRITE ANGOLA ,Luiz Fernando,Luiz,Fernando,Sales,Luanda,Transfer,4169,1680,0.402974334,,
1/1/2022,NOSSO SUPERMERCADO ,Ana Paula,Ana,Paula,Sales,Benguela,PayPal,3798,1090,0.286993154,,
9/20/2022,WALMART INTL ,Luiz Fernando,Luiz,Fernando,Logistics,Huambo,Cash,7615,521,0.068417597,,
11/13/2023,MAXI CASH ,Luiz Fernando,Luiz,Fernando,Logistics,Luanda,PayPal,4118,1561,0.379067508,,
2/16/2022,NOSSO SUPERMERCADO ,Ana Paula,Ana,Paula,Logistics,Luanda,Cash,6044,1667,0.275810721,,
4/16/2022,KERO ,Ana Paula,Ana,Paula,Sales,Benguela,Transfer,4424,1145,0.258815552,,
3/20/2022,AMAZON.CO ,Luiz Fernando,Luiz,Fernando,Logistics,Luanda,Card,5747,1775,0.308856795,,
9/23/2023,WALMART INTL ,Luiz Fernando,Luiz,Fernando,Finance,Luanda,Transfer,5163,1777,0.34417974,,
6/7/2022,WALMART INTL ,Pedro Alves,Pedro,Alves,Finance,Luanda,Card,6449,777,0.120483796,,
11/22/2023,KERO ,Carlos Miguel,Carlos,Miguel,Finance,Luanda,Cash,4402,1987,0.451385734,,
10/6/2022,MAXI CASH ,Marta Silva,Marta,Silva,IT,Luanda,PayPal,6663,1164,0.174696083,,
1/7/2023,SHOPRITE ANGOLA ,Ana Paula,Ana,Paula,IT,Luanda,Transfer,5812,1673,0.287852719,,
6/3/2022,"TESLA, INC. ",Ana Paula,Ana,Paula,Finance,Luanda,Card,5231,1703,0.325559167,,
6/13/2023,MAXI CASH ,Pedro Alves,Pedro,Alves,Sales,Benguela,PayPal,5858,1549,0.264424718,,
9/24/2023,WALMART INTL ,Marta Silva,Marta,Silva,Sales,Benguela,Transfer,5440,1538,0.282720588,,
4/2/2022,"TESLA, INC. ",Luiz Fernando,Luiz,Fernando,Logistics,Huambo,PayPal,3026,1630,0.538664904,,
4/8/2023,NOSSO SUPERMERCADO ,Marta Silva,Marta,Silva,Sales,Benguela,Card,5558,1531,0.275458798,,
8/17/2023,MAXI CASH ,Marta Silva,Marta,Silva,Sales,Benguela,PayPal,6305,740,0.117367169,,
4/29/2022,AMAZON.CO ,Jose Manuel,Jose,Manuel,Finance,Luanda,Card,7558,1511,0.199920614,,
10/23/2023,KERO ,Carlos Miguel,Carlos,Miguel,Finance,Luanda,Card,6264,582,0.092911877,,
10/19/2022,ARZAMART ,Carlos Miguel,Carlos,Miguel,Logistics,Luanda,Cash,4374,1685,0.38523091,,
12/13/2023,WALMART INTL ,Ana Paula,Ana,Paula,Sales,Luanda,Card,6529,982,0.150405881,,
1/15/2022,NOSSO SUPERMERCADO ,Ana Paula,Ana,Paula,Sales,Luanda,PayPal,4513,1101,0.243961888,,
11/7/2023,WALMART INTL ,Jose Manuel,Jose,Manuel,Logistics,Huambo,Transfer,6265,1009,0.161053472,,
5/20/2022,WALMART INTL ,Marta Silva,Marta,Silva,Sales,Luanda,Card,6228,1173,0.188342967,,
9/19/2023,AMAZON.CO ,Carlos Miguel,Carlos,Miguel,Sales,Luanda,PayPal,5896,679,0.115162822,,
3/8/2022,ARZAMART ,Jose Manuel,Jose,Manuel,Sales,Luanda,PayPal,5927,616,0.103931162,,
8/1/2023,KERO ,Luiz Fernando,Luiz,Fernando,IT,Luanda,Transfer,7170,1902,0.265271967,,
10/30/2023,KERO ,Ana Paula,Ana,Paula,Sales,Luanda,Transfer,5579,1646,0.295034953,,
12/31/2023,NOSSO SUPERMERCADO ,Jose Manuel,Jose,Manuel,Logistics,Luanda,Transfer,4471,1621,0.362558712,,
1/12/2024,"TESLA, INC. ",Jose Manuel,Jose,Manuel,Finance,Luanda,Cash,7474,1576,0.21086433,,
8/27/2023,NOSSO SUPERMERCADO ,Jose Manuel,Jose,Manuel,Sales,Luanda,Cash,4975,1713,0.344321608,,
11/11/2023,MAXI CASH ,Marta Silva,Marta,Silva,Logistics,Huambo,Card,6100,1726,0.28295082,,
1/23/2022,"TESLA, INC. ",Pedro Alves,Pedro,Alves,Finance,Luanda,Cash,4926,1612,0.327243199,,
12/6/2023,SHOPRITE ANGOLA ,Carlos Miguel,Carlos,Miguel,IT,Luanda,PayPal,3130,1291,0.412460064,,
7/6/2023,ARZAMART ,Marta Silva,Marta,Silva,Logistics,Luanda,Transfer,4056,788,0.194280079,,
3/29/2023,AMAZON.CO ,Luiz Fernando,Luiz,Fernando,Finance,Luanda,Transfer,3893,1834,0.471101978,,
8/21/2022,KERO ,Luiz Fernando,Luiz,Fernando,Logistics,Luanda,Card,6652,610,0.091701744,,
3/2/2023,MAXI CASH ,Marta Silva,Marta,Silva,Logistics,Luanda,Transfer,5575,755,0.135426009,,
10/5/2022,NOSSO SUPERMERCADO ,Jose Manuel,Jose,Manuel,Finance,Luanda,PayPal,7388,517,0.069978343,,
2/13/2023,"TESLA, INC. ",Marta Silva,Marta,Silva,Sales,Luanda,PayPal,4324,1851,0.428075856,,
8/15/2022,WALMART INTL ,Ana Paula,Ana,Paula,Logistics,Huambo,Transfer,4530,1050,0.231788079,,
8/26/2022,ARZAMART ,Marta Silva,Marta,Silva,Sales,Luanda,PayPal,7292,840,0.115194734,,
10/14/2023,SHOPRITE ANGOLA ,Jose Manuel,Jose,Manuel,Logistics,Huambo,Transfer,3518,1496,0.425241615,,
2/2/2024,ARZAMART ,Pedro Alves,Pedro,Alves,IT,Luanda,Card,6240,1481,0.237339744,,
5/9/2023,KERO ,Carlos Miguel,Carlos,Miguel,Sales,Luanda,Transfer,7876,1078,0.136871508,,
4/26/2022,NOSSO SUPERMERCADO ,Carlos Miguel,Carlos,Miguel,Finance,Luanda,Card,5333,767,0.143821489,,
9/8/2023,ARZAMART ,Carlos Miguel,Carlos,Miguel,Finance,Luanda,Cash,7875,1133,0.143873016,,
11/18/2022,KERO ,Jose Manuel,Jose,Manuel,Logistics,Huambo,Transfer,7073,1546,0.21857769,,
5/31/2022,KERO ,Carlos Miguel,Carlos,Miguel,IT,Luanda,Transfer,6112,1392,0.227748691,,
9/27/2022,KERO ,Luiz Fernando,Luiz,Fernando,Sales,Benguela,Card,4574,636,0.139046786,,
7/13/2022,MAXI CASH ,Luiz Fernando,Luiz,Fernando,Finance,Luanda,Card,5223,1260,0.241240666,,
8/7/2023,SHOPRITE ANGOLA ,Pedro Alves,Pedro,Alves,Logistics,Luanda,Cash,7411,1814,0.244771286,,
3/29/2023,WALMART INTL ,Ana Paula,Ana,Paula,Sales,Benguela,Cash,5601,612,0.109266202,,
6/4/2023,MAXI CASH ,Luiz Fernando,Luiz,Fernando,IT,Luanda,Transfer,6949,1284,0.184774788,,
6/18/2023,AMAZON.CO ,Marta Silva,Marta,Silva,Finance,Luanda,Cash,7303,544,0.074489936,,
4/29/2023,NOSSO SUPERMERCADO ,Luiz Fernando,Luiz,Fernando,Sales,Benguela,Card,6785,1284,0.189240973,,
4/24/2022,KERO ,Ana Paula,Ana,Paula,Logistics,Huambo,PayPal,5920,1229,0.207601351,,
11/20/2022,AMAZON.CO ,Pedro Alves,Pedro,Alves,IT,Luanda,PayPal,7946,986,0.124087591,,
10/15/2023,AMAZON.CO ,Luiz Fernando,Luiz,Fernando,Sales,Benguela,Cash,7783,532,0.068354105,,
4/24/2022,NOSSO SUPERMERCADO ,Jose Manuel,Jose,Manuel,Logistics,Luanda,PayPal,7656,624,0.081504702,,
1/8/2023,MAXI CASH ,Ana Paula,Ana,Paula,Logistics,Luanda,PayPal,3388,1967,0.580578512,,
9/18/2023,KERO ,Luiz Fernando,Luiz,Fernando,IT,Luanda,Cash,6297,1555,0.246942989,,
3/2/2023,KERO ,Luiz Fernando,Luiz,Fernando,IT,Luanda,PayPal,5695,1019,0.178928885,,
12/13/2022,AMAZON.CO ,Luiz Fernando,Luiz,Fernando,Logistics,Luanda,Transfer,3824,1979,0.517520921,,
5/28/2023,AMAZON.CO ,Jose Manuel,Jose,Manuel,IT,Luanda,PayPal,6408,1389,0.2167603,,
3/15/2022,SHOPRITE ANGOLA ,Marta Silva,Marta,Silva,IT,Luanda,Card,5431,1453,0.267538207,,
12/20/2022,SHOPRITE ANGOLA ,Carlos Miguel,Carlos,Miguel,Logistics,Huambo,Cash,5166,1156,0.223770809,,
10/20/2023,"TESLA, INC. ",Ana Paula,Ana,Paula,Sales,Luanda,PayPal,7505,1028,0.13697535,,
12/12/2023,KERO ,Marta Silva,Marta,Silva,Finance,Luanda,PayPal,6640,579,0.087198795,,
2/1/2023,KERO ,Jose Manuel,Jose,Manuel,IT,Luanda,Card,5030,1083,0.215308151,,
8/11/2022,AMAZON.CO ,Carlos Miguel,Carlos,Miguel,Logistics,Huambo,Transfer,6540,1927,0.294648318,,
3/30/2022,"TESLA, INC. ",Carlos Miguel,Carlos,Miguel,Sales,Luanda,Card,3102,859,0.276918117,,
1/13/2023,NOSSO SUPERMERCADO ,Ana Paula,Ana,Paula,Sales,Luanda,PayPal,5089,1167,0.229318137,,
12/9/2022,SHOPRITE ANGOLA ,Jose Manuel,Jose,Manuel,Sales,Luanda,Cash,4304,1341,0.311570632,,
9/28/2023,AMAZON.CO ,Ana Paula,Ana,Paula,Logistics,Luanda,Cash,3140,1143,0.364012739,,
9/1/2023,AMAZON.CO ,Ana Paula,Ana,Paula,Sales,Luanda,PayPal,3471,1283,0.369634111,,
3/8/2022,KERO ,Carlos Miguel,Carlos,Miguel,Finance,Luanda,Transfer,4854,1116,0.229913473,,
4/2/2023,"TESLA, INC. ",Jose Manuel,Jose,Manuel,Sales,Luanda,Card,7789,557,0.071511105,,
5/13/2022,NOSSO SUPERMERCADO ,Pedro Alves,Pedro,Alves,Logistics,Luanda,Card,7880,1553,0.197081218,,
5/12/2023,"TESLA, INC. ",Ana Paula,Ana,Paula,Logistics,Huambo,Card,4012,1644,0.409770688,,
11/17/2023,MAXI CASH ,Pedro Alves,Pedro,Alves,IT,Luanda,Cash,4051,1731,0.427301901,,
7/15/2023,AMAZON.CO ,Jose Manuel,Jose,Manuel,Logistics,Huambo,Transfer,6562,584,0.088997257,,
11/6/2023,KERO ,Luiz Fernando,Luiz,Fernando,Sales,Luanda,Card,3480,1494,0.429310345,,
12/24/2023,SHOPRITE ANGOLA ,Carlos Miguel,Carlos,Miguel,Sales,Luanda,Cash,5257,1071,0.203728362,,
2/16/2023,WALMART INTL ,Pedro Alves,Pedro,Alves,Sales,Luanda,Card,4593,1603,0.349009362,,
3/9/2022,ARZAMART ,Luiz Fernando,Luiz,Fernando,IT,Luanda,PayPal,4583,1628,0.355225835,,
8/12/2023,MAXI CASH ,Marta Silva,Marta,Silva,Sales,Luanda,Card,5772,1760,0.304920305,,
6/18/2022,WALMART INTL ,Jose Manuel,Jose,Manuel,Logistics,Luanda,Card,4248,1690,0.397834275,,
11/9/2022,SHOPRITE ANGOLA ,Carlos Miguel,Carlos,Miguel,Finance,Luanda,Cash,6050,1862,0.307768595,,
12/7/2023,AMAZON.CO ,Pedro Alves,Pedro,Alves,Sales,Luanda,Cash,6005,1401,0.233305579,,
4/24/2022,ARZAMART ,Luiz Fernando,Luiz,Fernando,Finance,Luanda,Card,7688,1275,0.165842872,,
9/25/2022,ARZAMART ,Marta Silva,Marta,Silva,Logistics,Huambo,PayPal,5642,531,0.094115562,,
12/13/2023,KERO ,Jose Manuel,Jose,Manuel,Sales,Luanda,PayPal,3634,549,0.151073198,,
12/7/2022,MAXI CASH ,Ana Paula,Ana,Paula,Finance,Luanda,Transfer,6227,1074,0.172474707,,
2/5/2023,AMAZON.CO ,Luiz Fernando,Luiz,Fernando,Logistics,Luanda,PayPal,3099,1432,0.462084543,,
7/22/2022,MAXI CASH ,Jose Manuel,Jose,Manuel,Finance,Luanda,Transfer,5988,712,0.118904476,,
7/30/2022,WALMART INTL ,Jose Manuel,Jose,Manuel,Finance,Luanda,PayPal,5450,825,0.151376147,,
5/4/2022,AMAZON.CO ,Ana Paula,Ana,Paula,IT,Luanda,Card,4787,1717,0.358679758,,
12/21/2023,NOSSO SUPERMERCADO ,Pedro Alves,Pedro,Alves,Logistics,Huambo,Card,6594,593,0.08993024,,
8/8/2023,WALMART INTL ,Jose Manuel,Jose,Manuel,Sales,Benguela,Cash,3401,614,0.180535137,,
8/19/2023,"TESLA, INC. ",Ana Paula,Ana,Paula,Logistics,Huambo,Cash,3923,542,0.138159572,,
5/15/2023,NOSSO SUPERMERCADO ,Ana Paula,Ana,Paula,Sales,Benguela,Cash,3615,938,0.259474412,,
7/22/2022,ARZAMART ,Luiz Fernando,Luiz,Fernando,Logistics,Huambo,PayPal,7064,1469,0.207955832,,
1/1/2024,AMAZON.CO ,Ana Paula,Ana,Paula,Sales,Benguela,Transfer,6177,1018,0.164804921,,
10/12/2022,ARZAMART ,Marta Silva,Marta,Silva,Sales,Luanda,Cash,6919,1420,0.20523197,,
10/30/2023,ARZAMART ,Jose Manuel,Jose,Manuel,Sales,Luanda,PayPal,7627,1168,0.15314016,,
9/23/2023,AMAZON.CO ,Pedro Alves,Pedro,Alves,Sales,Luanda,Card,4429,1239,0.279747121,,
2/19/2023,MAXI CASH ,Pedro Alves,Pedro,Alves,Logistics,Huambo,PayPal,4866,656,0.134812988,,
9/7/2022,NOSSO SUPERMERCADO ,Ana Paula,Ana,Paula,Logistics,Huambo,Transfer,4394,1723,0.392125626,,
9/23/2022,NOSSO SUPERMERCADO ,Marta Silva,Marta,Silva,Logistics,Luanda,PayPal,3101,1315,0.424056756,,
6/20/2023,NOSSO SUPERMERCADO ,Carlos Miguel,Carlos,Miguel,IT,Luanda,PayPal,3473,1223,0.352145119,,
4/16/2022,NOSSO SUPERMERCADO ,Carlos Miguel,Carlos,Miguel,IT,Luanda,Transfer,6425,992,0.154396887,,
1/3/2024,SHOPRITE ANGOLA ,Ana Paula,Ana,Paula,Sales,Luanda,PayPal,5790,1183,0.204317789,,
7/31/2022,WALMART INTL ,Ana Paula,Ana,Paula,Sales,Luanda,Transfer,3352,1705,0.508651551,,
2/11/2022,"TESLA, INC. ",Carlos Miguel,Carlos,Miguel,Sales,Benguela,Transfer,5610,1383,0.246524064,,
2/6/2024,KERO ,Luiz Fernando,Luiz,Fernando,Sales,Luanda,Cash,3340,1949,0.583532934,,
8/17/2022,WALMART INTL ,Pedro Alves,Pedro,Alves,Sales,Benguela,Card,7124,1973,0.276951151,,
8/24/2022,"TESLA, INC. ",Luiz Fernando,Luiz,Fernando,Logistics,Luanda,Card,4034,1643,0.407288052,,
5/3/2022,KERO ,Ana Paula,Ana,Paula,Finance,Luanda,Cash,7283,530,0.072772209,,
4/24/2023,WALMART INTL ,Pedro Alves,Pedro,Alves,Sales,Luanda,PayPal,4530,612,0.135099338,,
12/26/2023,KERO ,Carlos Miguel,Carlos,Miguel,Sales,Luanda,Transfer,6788,830,0.122274602,,
8/10/2022,AMAZON.CO ,Pedro Alves,Pedro,Alves,Sales,Luanda,Cash,3086,1639,0.531108231,,
6/1/2023,"TESLA, INC. ",Ana Paula,Ana,Paula,IT,Luanda,Card,7366,1573,0.213548737,,
8/26/2023,NOSSO SUPERMERCADO ,Marta Silva,Marta,Silva,IT,Luanda,PayPal,3168,1925,0.607638889,,
8/31/2022,SHOPRITE ANGOLA ,Pedro Alves,Pedro,Alves,Sales,Luanda,PayPal,4395,1153,0.262343572,,
11/25/2022,ARZAMART ,Ana Paula,Ana,Paula,Sales,Luanda,PayPal,4362,939,0.215268226,,
7/27/2022,SHOPRITE ANGOLA ,Luiz Fernando,Luiz,Fernando,Sales,Luanda,Transfer,6115,1838,0.300572363,,
6/30/2022,NOSSO SUPERMERCADO ,Carlos Miguel,Carlos,Miguel,Finance,Luanda,PayPal,7536,1433,0.190153928,,
10/1/2022,"TESLA, INC. ",Pedro Alves,Pedro,Alves,Sales,Benguela,Cash,6819,730,0.10705382,,
11/24/2023,ARZAMART ,Ana Paula,Ana,Paula,Logistics,Huambo,Card,7767,1102,0.141882323,,
5/29/2022,NOSSO SUPERMERCADO ,Luiz Fernando,Luiz,Fernando,Logistics,Luanda,Cash,7693,1209,0.157155856,,
7/7/2023,MAXI CASH ,Ana Paula,Ana,Paula,Finance,Luanda,PayPal,5994,1778,0.296629963,,
9/26/2023,AMAZON.CO ,Marta Silva,Marta,Silva,Sales,Luanda,Cash,4861,1396,0.287183707,,
3/2/2022,AMAZON.CO ,Marta Silva,Marta,Silva,Sales,Luanda,Transfer,6449,906,0.140486897,,
6/14/2022,WALMART INTL ,Jose Manuel,Jose,Manuel,Finance,Luanda,Card,4187,856,0.204442321,,
12/22/2023,WALMART INTL ,Carlos Miguel,Carlos,Miguel,Logistics,Luanda,Transfer,3000,1238,0.412666667,,
10/13/2023,ARZAMART ,Ana Paula,Ana,Paula,Logistics,Luanda,Card,7897,669,0.084715715,,
5/1/2023,WALMART INTL ,Marta Silva,Marta,Silva,Finance,Luanda,Card,5698,1004,0.176202176,,
5/4/2023,NOSSO SUPERMERCADO ,Jose Manuel,Jose,Manuel,IT,Luanda,PayPal,7542,1044,0.138424821,,
1/11/2022,AMAZON.CO ,Ana Paula,Ana,Paula,Logistics,Huambo,Transfer,7907,945,0.119514354,,
2/20/2024,MAXI CASH ,Carlos Miguel,Carlos,Miguel,Finance,Luanda,PayPal,6161,568,0.092192826,,
3/28/2022,KERO ,Pedro Alves,Pedro,Alves,Sales,Luanda,Card,4108,1526,0.371470302,,
9/9/2023,ARZAMART ,Luiz Fernando,Luiz,Fernando,Sales,Luanda,PayPal,3248,1384,0.426108374,,
9/28/2022,KERO ,Luiz Fernando,Luiz,Fernando,IT,Luanda,Cash,4665,1677,0.359485531,,
3/19/2022,AMAZON.CO ,Carlos Miguel,Carlos,Miguel,Sales,Benguela,Card,7315,1757,0.240191388,,
9/22/2023,NOSSO SUPERMERCADO ,Carlos Miguel,Carlos,Miguel,Sales,Luanda,Card,6010,978,0.162728785,,
3/11/2023,ARZAMART ,Marta Silva,Marta,Silva,Sales,Benguela,Cash,4666,1054,0.225889413,,
3/10/2023,AMAZON.CO ,Luiz Fernando,Luiz,Fernando,Logistics,Luanda,Card,5299,803,0.151538026,,
4/20/2023,ARZAMART ,Luiz Fernando,Luiz,Fernando,Sales,Benguela,Card,6837,1183,0.173029106,,
6/11/2022,"TESLA, INC. ",Marta Silva,Marta,Silva,IT,Luanda,Cash,3693,1666,0.451123748,,
11/21/2023,MAXI CASH ,Jose Manuel,Jose,Manuel,Sales,Luanda,PayPal,6179,782,0.126557695,,
10/27/2022,MAXI CASH ,Pedro Alves,Pedro,Alves,IT,Luanda,Transfer,4346,1929,0.44385642,,
2/25/2024,"TESLA, INC. ",Ana Paula,Ana,Paula,Sales,Luanda,Transfer,7558,678,0.089706272,,
9/26/2022,MAXI CASH ,Luiz Fernando,Luiz,Fernando,Sales,Benguela,Cash,4770,712,0.149266247,,
9/21/2022,ARZAMART ,Ana Paula,Ana,Paula,Logistics,Luanda,Cash,5395,1383,0.256348471,,
9/27/2022,WALMART INTL ,Carlos Miguel,Carlos,Miguel,IT,Luanda,Cash,3848,1424,0.37006237,,
10/8/2023,ARZAMART ,Carlos Miguel,Carlos,Miguel,Logistics,Huambo,PayPal,6240,1536,0.246153846,,
8/31/2022,MAXI CASH ,Jose Manuel,Jose,Manuel,Logistics,Luanda,PayPal,4666,1421,0.304543506,,
2/19/2023,NOSSO SUPERMERCADO ,Carlos Miguel,Carlos,Miguel,Logistics,Huambo,PayPal,4592,1351,0.294207317,,
4/30/2023,MAXI CASH ,Pedro Alves,Pedro,Alves,Finance,Luanda,PayPal,3047,986,0.323596981,,
2/2/2024,WALMART INTL ,Ana Paula,Ana,Paula,Sales,Benguela,PayPal,3550,1507,0.424507042,,
12/11/2023,MAXI CASH ,Jose Manuel,Jose,Manuel,Logistics,Luanda,Cash,6024,1265,0.20999336,,
3/27/2023,KERO ,Carlos Miguel,Carlos,Miguel,Logistics,Luanda,Cash,3563,746,0.209374123,,
2/4/2022,KERO ,Marta Silva,Marta,Silva,Sales,Benguela,Transfer,6065,1363,0.224732069,,
9/19/2023,NOSSO SUPERMERCADO ,Ana Paula,Ana,Paula,Finance,Luanda,Card,6419,1594,0.248325284,,
7/21/2022,SHOPRITE ANGOLA ,Carlos Miguel,Carlos,Miguel,IT,Luanda,Transfer,6362,980,0.15403961,,
2/29/2024,"TESLA, INC. ",Carlos Miguel,Carlos,Miguel,Logistics,Luanda,Cash,3532,951,0.269252548,,
11/12/2023,KERO ,Carlos Miguel,Carlos,Miguel,Finance,Luanda,PayPal,4364,1610,0.368927589,,
3/10/2023,ARZAMART ,Jose Manuel,Jose,Manuel,IT,Luanda,Transfer,7884,1694,0.21486555,,
6/23/2022,MAXI CASH ,Pedro Alves,Pedro,Alves,Finance,Luanda,Transfer,4186,945,0.225752508,,
2/21/2024,ARZAMART ,Carlos Miguel,Carlos,Miguel,Logistics,Huambo,Card,3720,1249,0.335752688,,
6/12/2023,AMAZON.CO ,Carlos Miguel,Carlos,Miguel,Sales,Luanda,PayPal,7735,1977,0.255591467,,
12/4/2023,ARZAMART ,Luiz Fernando,Luiz,Fernando,Logistics,Luanda,Cash,5719,1327,0.232033572,,
7/3/2023,AMAZON.CO ,Marta Silva,Marta,Silva,Sales,Luanda,Card,5539,567,0.102365048,,
7/12/2022,MAXI CASH ,Jose Manuel,Jose,Manuel,Sales,Benguela,Transfer,4524,1304,0.288240495,,
12/12/2023,MAXI CASH ,Ana Paula,Ana,Paula,Logistics,Huambo,PayPal,4954,1439,0.290472346,,
5/28/2022,WALMART INTL ,Ana Paula,Ana,Paula,Sales,Luanda,Transfer,7721,1401,0.18145318,,
12/16/2023,NOSSO SUPERMERCADO ,Marta Silva,Marta,Silva,Finance,Luanda,PayPal,6712,1971,0.293653159,,
9/27/2023,MAXI CASH ,Pedro Alves,Pedro,Alves,Logistics,Luanda,Card,3411,1998,0.585751979,,
10/21/2023,MAXI CASH ,Pedro Alves,Pedro,Alves,Sales,Luanda,Transfer,7725,960,0.124271845,,
6/25/2022,WALMART INTL ,Marta Silva,Marta,Silva,IT,Luanda,Cash,4591,555,0.120888695,,
12/8/2022,ARZAMART ,Jose Manuel,Jose,Manuel,IT,Luanda,PayPal,6600,1554,0.235454545,,
6/18/2023,SHOPRITE ANGOLA ,Pedro Alves,Pedro,Alves,Logistics,Huambo,Transfer,4716,563,0.119380831,,
3/13/2022,ARZAMART ,Ana Paula,Ana,Paula,IT,Luanda,Transfer,6205,1025,0.165189363,,
1/14/2024,NOSSO SUPERMERCADO ,Ana Paula,Ana,Paula,Logistics,Luanda,Card,6337,500,0.078901688,,
1/23/2022,KERO ,Jose Manuel,Jose,Manuel,Logistics,Huambo,Transfer,4974,1742,0.35022115,,
8/8/2022,"TESLA, INC. ",Jose Manuel,Jose,Manuel,Logistics,Huambo,Cash,3950,1874,0.47443038,,
1/27/2022,AMAZON.CO ,Luiz Fernando,Luiz,Fernando,IT,Luanda,Transfer,4140,1089,0.263043478,,
4/3/2023,"TESLA, INC. ",Luiz Fernando,Luiz,Fernando,Finance,Luanda,Cash,6717,1492,0.222122972,,
5/26/2022,KERO ,Marta Silva,Marta,Silva,Logistics,Huambo,Transfer,5095,1108,0.217468106,,
12/13/2022,KERO ,Carlos Miguel,Carlos,Miguel,Logistics,Luanda,Card,4534,655,0.144464049,,
6/25/2022,KERO ,Jose Manuel,Jose,Manuel,Logistics,Huambo,Cash,6422,1085,0.168950483,,
3/4/2022,SHOPRITE ANGOLA ,Jose Manuel,Jose,Manuel,Sales,Luanda,Cash,5979,1187,0.198528182,,
10/16/2023,AMAZON.CO ,Marta Silva,Marta,Silva,Sales,Benguela,PayPal,7390,1130,0.152909337,,
2/11/2023,NOSSO SUPERMERCADO ,Luiz Fernando,Luiz,Fernando,Logistics,Luanda,Transfer,5088,1360,0.267295597,,
5/14/2022,MAXI CASH ,Carlos Miguel,Carlos,Miguel,Sales,Benguela,Transfer,3020,755,0.25,,
12/30/2022,ARZAMART ,Marta Silva,Marta,Silva,Sales,Benguela,Cash,5208,563,0.108102919,,
2/27/2023,AMAZON.CO ,Jose Manuel,Jose,Manuel,Logistics,Luanda,Cash,7957,740,0.092999874,,
9/2/2024,SHOPRITE ANGOLA ,Marta Silva,Marta,Silva,Logistics,Luanda,PayPal,4497,1208,0.268623527,,
5/3/2023,WALMART INTL ,Ana Paula,Ana,Paula,Sales,Benguela,Transfer,3745,1138,0.303871829,,
4/2/2023,ARZAMART ,Pedro Alves,Pedro,Alves,IT,Luanda,Cash,4049,1484,0.366510249,,
9/8/2022,ARZAMART ,Ana Paula,Ana,Paula,Finance,Luanda,Cash,6663,1116,0.167492121,,
4/15/2022,AMAZON.CO ,Carlos Miguel,Carlos,Miguel,Finance,Luanda,Transfer,7974,1609,0.201780788,,
3/4/2022,NOSSO SUPERMERCADO ,Carlos Miguel,Carlos,Miguel,Sales,Luanda,PayPal,5830,1377,0.23619211,,
6/15/2022,NOSSO SUPERMERCADO ,Ana Paula,Ana,Paula,Finance,Luanda,Transfer,7135,1082,0.151646811,,
11/16/2022,"TESLA, INC. ",Carlos Miguel,Carlos,Miguel,Finance,Luanda,Transfer,3150,1733,0.55015873,,
6/16/2022,WALMART INTL ,Marta Silva,Marta,Silva,Sales,Benguela,Card,6332,1559,0.246209728,,
3/23/2023,ARZAMART ,Jose Manuel,Jose,Manuel,Logistics,Huambo,Card,7880,1473,0.186928934,,
2/13/2022,AMAZON.CO ,Pedro Alves,Pedro,Alves,Sales,Luanda,Card,6960,506,0.072701149,,
5/13/2023,NOSSO SUPERMERCADO ,Jose Manuel,Jose,Manuel,Finance,Luanda,PayPal,6891,702,0.101872007,,
10/16/2023,ARZAMART ,Marta Silva,Marta,Silva,Sales,Luanda,Card,6624,1018,0.153683575,,
4/27/2022,SHOPRITE ANGOLA ,Luiz Fernando,Luiz,Fernando,IT,Luanda,Transfer,4194,1393,0.332141154,,
5/8/2023,KERO ,Carlos Miguel,Carlos,Miguel,Logistics,Luanda,Cash,6554,1255,0.191486115,,
8/6/2023,"TESLA, INC. ",Ana Paula,Ana,Paula,Logistics,Luanda,Card,7292,1231,0.16881514,,
10/8/2023,MAXI CASH ,Jose Manuel,Jose,Manuel,IT,Luanda,Card,5061,1145,0.226239874,,
8/8/2022,NOSSO SUPERMERCADO ,Ana Paula,Ana,Paula,Finance,Luanda,Transfer,5613,800,0.142526278,,
2/16/2022,AMAZON.CO ,Carlos Miguel,Carlos,Miguel,Finance,Luanda,PayPal,4098,625,0.152513421,,
1/2/2022,"TESLA, INC. ",Pedro Alves,Pedro,Alves,Finance,Luanda,Card,6068,539,0.088826632,,
11/26/2022,MAXI CASH ,Luiz Fernando,Luiz,Fernando,Logistics,Huambo,Card,7549,514,0.068088489,,
3/27/2022,MAXI CASH ,Jose Manuel,Jose,Manuel,IT,Luanda,PayPal,6436,745,0.115755127,,
10/7/2022,"TESLA, INC. ",Jose Manuel,Jose,Manuel,Finance,Luanda,Card,3354,1965,0.585867621,,
2/4/2022,WALMART INTL ,Pedro Alves,Pedro,Alves,Sales,Benguela,Transfer,3881,1505,0.387786653,,
2/21/2023,WALMART INTL ,Ana Paula,Ana,Paula,Logistics,Huambo,PayPal,6216,927,0.149131274,,
3/5/2022,NOSSO SUPERMERCADO ,Luiz Fernando,Luiz,Fernando,IT,Luanda,PayPal,7812,846,0.108294931,,
2/12/2022,SHOPRITE ANGOLA ,Luiz Fernando,Luiz,Fernando,Logistics,Luanda,PayPal,6923,1055,0.152390582,,
11/12/2022,ARZAMART ,Marta Silva,Marta,Silva,Logistics,Huambo,Transfer,5142,991,0.192726566,,
9/2/2022,KERO ,Jose Manuel,Jose,Manuel,IT,Luanda,Transfer,4961,1380,0.278169724,,
7/27/2023,NOSSO SUPERMERCADO ,Carlos Miguel,Carlos,Miguel,Logistics,Luanda,PayPal,5390,849,0.157513915,,
4/7/2022,NOSSO SUPERMERCADO ,Pedro Alves,Pedro,Alves,IT,Luanda,Card,3230,1910,0.591331269,,
10/19/2022,AMAZON.CO ,Luiz Fernando,Luiz,Fernando,IT,Luanda,Card,6834,1765,0.258267486,,
10/28/2023,MAXI CASH ,Ana Paula,Ana,Paula,Logistics,Huambo,Card,7460,1203,0.161260054,,
8/25/2023,SHOPRITE ANGOLA ,Marta Silva,Marta,Silva,Logistics,Luanda,Card,6789,1598,0.235380763,,
2/23/2024,WALMART INTL ,Luiz Fernando,Luiz,Fernando,Sales,Benguela,Cash,7549,1488,0.1971122,,
1/18/2024,ARZAMART ,Luiz Fernando,Luiz,Fernando,Sales,Benguela,Cash,6410,1474,0.229953198,,
2/28/2024,ARZAMART ,Pedro Alves,Pedro,Alves,Logistics,Huambo,Card,6832,1036,0.151639344,,
5/30/2022,SHOPRITE ANGOLA ,Luiz Fernando,Luiz,Fernando,Logistics,Huambo,PayPal,3071,1909,0.621621622,,
1/2/2022,AMAZON.CO ,Carlos Miguel,Carlos,Miguel,Logistics,Luanda,Cash,3070,1894,0.616938111,,
1/24/2023,KERO ,Pedro Alves,Pedro,Alves,Finance,Luanda,Transfer,3967,1880,0.473909755,,
6/16/2023,KERO ,Pedro Alves,Pedro,Alves,Logistics,Huambo,Transfer,3719,1530,0.411400914,,
8/23/2023,NOSSO SUPERMERCADO ,Ana Paula,Ana,Paula,IT,Luanda,Cash,4818,1775,0.368410129,,
2/15/2024,ARZAMART ,Ana Paula,Ana,Paula,Logistics,Luanda,Cash,7086,658,0.092859159,,
9/28/2022,SHOPRITE ANGOLA ,Jose Manuel,Jose,Manuel,Finance,Luanda,Transfer,4690,784,0.167164179,,
12/27/2022,"TESLA, INC. ",Pedro Alves,Pedro,Alves,Sales,Benguela,PayPal,6575,1697,0.258098859,,
7/26/2022,SHOPRITE ANGOLA ,Marta Silva,Marta,Silva,Finance,Luanda,PayPal,3779,1677,0.443768193,,
6/6/2023,ARZAMART ,Carlos Miguel,Carlos,Miguel,IT,Luanda,PayPal,4375,1272,0.290742857,,
10/9/2023,SHOPRITE ANGOLA ,Jose Manuel,Jose,Manuel,IT,Luanda,Transfer,5975,593,0.099246862,,
6/29/2023,WALMART INTL ,Marta Silva,Marta,Silva,Finance,Luanda,Cash,6086,1084,0.178113704,,
2/3/2023,KERO ,Marta Silva,Marta,Silva,Sales,Benguela,Transfer,3083,1711,0.554978917,,
9/5/2022,SHOPRITE ANGOLA ,Ana Paula,Ana,Paula,Logistics,Huambo,Transfer,5640,1649,0.292375887,,
7/23/2023,MAXI CASH ,Pedro Alves,Pedro,Alves,Finance,Luanda,PayPal,6256,1553,0.248241688,,
1/21/2024,AMAZON.CO ,Pedro Alves,Pedro,Alves,Sales,Benguela,Cash,5591,1060,0.189590413,,
11/7/2023,AMAZON.CO ,Ana Paula,Ana,Paula,Logistics,Luanda,PayPal,3351,1105,0.329752313,,
4/22/2023,ARZAMART ,Carlos Miguel,Carlos,Miguel,Finance,Luanda,Transfer,7846,1178,0.150140199,,
6/25/2022,WALMART INTL ,Marta Silva,Marta,Silva,Sales,Benguela,Cash,5638,1953,0.346399432,,
6/11/2022,"TESLA, INC. ",Jose Manuel,Jose,Manuel,Logistics,Huambo,Transfer,4451,1974,0.443495844,,
5/22/2022,ARZAMART ,Carlos Miguel,Carlos,Miguel,Sales,Luanda,Cash,4761,1816,0.381432472,,
6/27/2023,MAXI CASH ,Pedro Alves,Pedro,Alves,Logistics,Luanda,Transfer,6803,1431,0.210348376,,
9/4/2022,"TESLA, INC. ",Carlos Miguel,Carlos,Miguel,Sales,Luanda,PayPal,6951,1777,0.25564667,,
6/15/2023,KERO ,Carlos Miguel,Carlos,Miguel,Logistics,Huambo,PayPal,5652,1408,0.249115357,,
12/18/2023,KERO ,Ana Paula,Ana,Paula,IT,Luanda,PayPal,7184,1893,0.263502227,,
6/28/2023,WALMART INTL ,Marta Silva,Marta,Silva,Sales,Benguela,Cash,3194,788,0.246712586,,
10/4/2022,KERO ,Jose Manuel,Jose,Manuel,Logistics,Huambo,Card,4564,920,0.201577564,,
9/29/2022,SHOPRITE ANGOLA ,Ana Paula,Ana,Paula,Sales,Benguela,Cash,7305,945,0.12936345,,
8/30/2023,"TESLA, INC. ",Luiz Fernando,Luiz,Fernando,Sales,Benguela,PayPal,7358,1735,0.235797771,,
5/1/2022,KERO ,Pedro Alves,Pedro,Alves,Sales,Benguela,Transfer,6445,1417,0.219860357,,
1/18/2024,KERO ,Ana Paula,Ana,Paula,Sales,Luanda,Cash,4413,1315,0.297983231,,
9/16/2023,WALMART INTL ,Jose Manuel,Jose,Manuel,Logistics,Huambo,Card,3496,1898,0.542906178,,
1/30/2024,"TESLA, INC. ",Luiz Fernando,Luiz,Fernando,Sales,Benguela,PayPal,6572,1313,0.199786975,,
7/3/2023,ARZAMART ,Pedro Alves,Pedro,Alves,Finance,Luanda,Card,5930,888,0.149747049,,
9/28/2022,AMAZON.CO ,Ana Paula,Ana,Paula,IT,Luanda,Transfer,4107,777,0.189189189,,
2/4/2024,"TESLA, INC. ",Ana Paula,Ana,Paula,Logistics,Luanda,Card,4334,629,0.145131518,,
11/17/2022,SHOPRITE ANGOLA ,Marta Silva,Marta,Silva,Logistics,Huambo,PayPal,6256,1016,0.162404092,,
4/19/2022,MAXI CASH ,Pedro Alves,Pedro,Alves,Logistics,Luanda,Cash,6514,573,0.087964384,,
12/5/2022,MAXI CASH ,Luiz Fernando,Luiz,Fernando,Logistics,Huambo,Card,7384,1070,0.144907909,,
2/14/2024,ARZAMART ,Carlos Miguel,Carlos,Miguel,Finance,Luanda,PayPal,4978,1820,0.365608678,,
9/4/2022,ARZAMART ,Pedro Alves,Pedro,Alves,Logistics,Huambo,Card,7096,1296,0.182638106,,
12/30/2022,WALMART INTL ,Carlos Miguel,Carlos,Miguel,Sales,Benguela,Transfer,4795,1463,0.305109489,,
1/9/2022,"TESLA, INC. ",Ana Paula,Ana,Paula,Sales,Benguela,Card,6477,788,0.121661263,,
7/16/2022,KERO ,Ana Paula,Ana,Paula,Logistics,Huambo,Card,4533,829,0.182881094,,
9/29/2023,ARZAMART ,Ana Paula,Ana,Paula,Logistics,Huambo,Card,7857,1727,0.219803996,,
3/16/2023,MAXI CASH ,Ana Paula,Ana,Paula,Logistics,Huambo,Cash,4682,571,0.121956429,,
8/22/2022,ARZAMART ,Jose Manuel,Jose,Manuel,Logistics,Luanda,PayPal,4802,977,0.203456893,,
6/22/2022,ARZAMART ,Marta Silva,Marta,Silva,Finance,Luanda,Transfer,6281,1345,0.214137876,,
10/12/2022,WALMART INTL ,Marta Silva,Marta,Silva,IT,Luanda,Transfer,4524,879,0.194297082,,
5/18/2023,MAXI CASH ,Jose Manuel,Jose,Manuel,Logistics,Huambo,PayPal,7814,923,0.118121321,,
1/22/2022,KERO ,Pedro Alves,Pedro,Alves,Sales,Luanda,PayPal,3035,1950,0.642504119,,
7/5/2022,ARZAMART ,Jose Manuel,Jose,Manuel,Sales,Luanda,Transfer,5892,1610,0.273251867,,
12/8/2022,WALMART INTL ,Carlos Miguel,Carlos,Miguel,IT,Luanda,Cash,7064,1581,0.223810872,,
5/20/2023,MAXI CASH ,Luiz Fernando,Luiz,Fernando,Logistics,Huambo,Card,3769,1855,0.49217299,,
2/22/2024,KERO ,Ana Paula,Ana,Paula,IT,Luanda,Cash,7310,501,0.068536252,,
7/5/2023,WALMART INTL ,Carlos Miguel,Carlos,Miguel,Finance,Luanda,Card,7683,679,0.088376936,,
6/5/2022,WALMART INTL ,Carlos Miguel,Carlos,Miguel,Sales,Benguela,Transfer,4566,570,0.124835742,,
2/25/2023,WALMART INTL ,Ana Paula,Ana,Paula,Logistics,Huambo,Transfer,4253,1153,0.271102751,,
11/8/2022,WALMART INTL ,Carlos Miguel,Carlos,Miguel,Logistics,Huambo,PayPal,3159,1024,0.324153213,,
11/20/2023,"TESLA, INC. ",Ana Paula,Ana,Paula,Sales,Luanda,Cash,6807,1612,0.236815043,,
8/30/2023,NOSSO SUPERMERCADO ,Pedro Alves,Pedro,Alves,Sales,Luanda,Cash,6324,788,0.124604681,,
1/18/2024,ARZAMART ,Luiz Fernando,Luiz,Fernando,Sales,Luanda,Card,7271,607,0.083482327,,
10/7/2023,SHOPRITE ANGOLA ,Marta Silva,Marta,Silva,Finance,Luanda,Card,4605,1804,0.3917481,,
1/8/2023,MAXI CASH ,Pedro Alves,Pedro,Alves,Logistics,Luanda,Transfer,4565,1318,0.28871851,,
2/21/2023,MAXI CASH ,Pedro Alves,Pedro,Alves,Logistics,Huambo,Cash,6884,1954,0.283846601,,
7/8/2023,AMAZON.CO ,Pedro Alves,Pedro,Alves,Logistics,Luanda,PayPal,6978,1588,0.22757237,,
12/3/2023,SHOPRITE ANGOLA ,Pedro Alves,Pedro,Alves,Logistics,Huambo,PayPal,4364,1633,0.374197984,,
2/21/2024,MAXI CASH ,Luiz Fernando,Luiz,Fernando,Logistics,Huambo,Card,4251,1772,0.416843096,,
4/10/2023,KERO ,Carlos Miguel,Carlos,Miguel,Logistics,Huambo,Transfer,6502,1355,0.208397416,,
11/25/2023,NOSSO SUPERMERCADO ,Pedro Alves,Pedro,Alves,Sales,Benguela,Cash,7235,947,0.1308915,,
4/7/2023,WALMART INTL ,Luiz Fernando,Luiz,Fernando,Finance,Luanda,Card,4660,1027,0.220386266,,
5/11/2023,WALMART INTL ,Ana Paula,Ana,Paula,Logistics,Luanda,Card,6946,861,0.123956234,,
5/24/2022,AMAZON.CO ,Ana Paula,Ana,Paula,Finance,Luanda,Cash,3802,1607,0.422672278,,
2/3/2023,AMAZON.CO ,Luiz Fernando,Luiz,Fernando,Logistics,Luanda,Cash,3881,1500,0.386498325,,
3/4/2023,AMAZON.CO ,Carlos Miguel,Carlos,Miguel,Logistics,Huambo,Card,3785,880,0.232496697,,
8/10/2022,WALMART INTL ,Marta Silva,Marta,Silva,Logistics,Luanda,PayPal,5403,703,0.1301129,,
1/17/2022,WALMART INTL ,Carlos Miguel,Carlos,Miguel,IT,Luanda,Transfer,5020,733,0.146015936,,
8/4/2022,ARZAMART ,Pedro Alves,Pedro,Alves,Sales,Benguela,Card,7631,1143,0.149783777,,
11/11/2022,KERO ,Ana Paula,Ana,Paula,Sales,Luanda,Transfer,3009,519,0.172482552,,
9/7/2023,SHOPRITE ANGOLA ,Luiz Fernando,Luiz,Fernando,Sales,Luanda,Cash,4685,729,0.155602988,,
3/2/2023,NOSSO SUPERMERCADO ,Marta Silva,Marta,Silva,Logistics,Luanda,Cash,5460,1545,0.282967033,,
9/8/2022,"TESLA, INC. ",Carlos Miguel,Carlos,Miguel,Logistics,Luanda,Card,3824,1521,0.397751046,,
3/29/2023,ARZAMART ,Ana Paula,Ana,Paula,IT,Luanda,PayPal,6515,1978,0.303607061,,
12/1/2023,MAXI CASH ,Luiz Fernando,Luiz,Fernando,Sales,Benguela,Card,7353,1151,0.156534748,,
3/8/2023,ARZAMART ,Ana Paula,Ana,Paula,IT,Luanda,Cash,3792,1928,0.508438819,,
9/29/2022,NOSSO SUPERMERCADO ,Luiz Fernando,Luiz,Fernando,Logistics,Huambo,Transfer,4222,1167,0.276409285,,
7/17/2022,KERO ,Luiz Fernando,Luiz,Fernando,Logistics,Huambo,Cash,4666,979,0.209815688,,
8/21/2022,SHOPRITE ANGOLA ,Ana Paula,Ana,Paula,Sales,Luanda,Cash,7568,1843,0.24352537,,
5/3/2023,ARZAMART ,Jose Manuel,Jose,Manuel,Sales,Benguela,Card,5347,1574,0.294370675,,
8/4/2022,AMAZON.CO ,Carlos Miguel,Carlos,Miguel,Logistics,Luanda,Transfer,3573,731,0.20458998,,
12/19/2022,"TESLA, INC. ",Ana Paula,Ana,Paula,Logistics,Huambo,Transfer,6562,1819,0.277202073,,
7/14/2023,NOSSO SUPERMERCADO ,Luiz Fernando,Luiz,Fernando,Finance,Luanda,Card,6015,1588,0.26400665,,
11/1/2022,AMAZON.CO ,Jose Manuel,Jose,Manuel,Logistics,Luanda,PayPal,4656,1572,0.337628866,,
4/29/2022,ARZAMART ,Pedro Alves,Pedro,Alves,IT,Luanda,Cash,6645,1913,0.287885628,,
12/11/2023,MAXI CASH ,Luiz Fernando,Luiz,Fernando,Logistics,Luanda,Card,7909,558,0.070552535,,
4/2/2022,"TESLA, INC. ",Luiz Fernando,Luiz,Fernando,Finance,Luanda,PayPal,3492,918,0.262886598,,
1/17/2024,ARZAMART ,Jose Manuel,Jose,Manuel,Logistics,Luanda,PayPal,6140,579,0.094299674,,
8/10/2022,AMAZON.CO ,Carlos Miguel,Carlos,Miguel,Sales,Luanda,Cash,3088,1265,0.409650259,,
4/29/2023,"TESLA, INC. ",Luiz Fernando,Luiz,Fernando,IT,Luanda,PayPal,6346,1433,0.225811535,,
5/18/2022,WALMART INTL ,Jose Manuel,Jose,Manuel,Sales,Benguela,PayPal,7255,1497,0.206340455,,
2/14/2024,MAXI CASH ,Jose Manuel,Jose,Manuel,Logistics,Luanda,Card,6477,1091,0.16844218,,
10/16/2023,NOSSO SUPERMERCADO ,Ana Paula,Ana,Paula,Sales,Luanda,PayPal,7248,1134,0.156456954,,
12/3/2022,NOSSO SUPERMERCADO ,Pedro Alves,Pedro,Alves,Logistics,Huambo,Card,5849,671,0.114720465,,
5/4/2022,MAXI CASH ,Luiz Fernando,Luiz,Fernando,Logistics,Huambo,Transfer,4797,772,0.160933917,,
1/5/2022,"TESLA, INC. ",Carlos Miguel,Carlos,Miguel,Sales,Benguela,PayPal,7778,1972,0.253535613,,
5/22/2022,AMAZON.CO ,Pedro Alves,Pedro,Alves,IT,Luanda,Transfer,4910,1227,0.249898167,,
6/12/2022,AMAZON.CO ,Marta Silva,Marta,Silva,Logistics,Huambo,PayPal,4762,1584,0.332633347,,
3/3/2023,SHOPRITE ANGOLA ,Marta Silva,Marta,Silva,Sales,Benguela,Card,3975,714,0.179622642,,
8/23/2022,"TESLA, INC. ",Jose Manuel,Jose,Manuel,Sales,Luanda,Cash,3168,1854,0.585227273,,
7/1/2022,KERO ,Marta Silva,Marta,Silva,Logistics,Luanda,PayPal,5064,1071,0.211492891,,
8/29/2022,SHOPRITE ANGOLA ,Ana Paula,Ana,Paula,Logistics,Huambo,Transfer,7208,786,0.109045505,,
8/4/2023,AMAZON.CO ,Carlos Miguel,Carlos,Miguel,Logistics,Huambo,Card,5872,787,0.134025886,,
9/25/2023,SHOPRITE ANGOLA ,Luiz Fernando,Luiz,Fernando,IT,Luanda,Cash,6992,1000,0.143020595,,
11/11/2023,WALMART INTL ,Luiz Fernando,Luiz,Fernando,Logistics,Huambo,Cash,5866,732,0.124786908,,
2/5/2024,WALMART INTL ,Luiz Fernando,Luiz,Fernando,Logistics,Luanda,PayPal,6389,1850,0.289560182,,
10/22/2022,NOSSO SUPERMERCADO ,Jose Manuel,Jose,Manuel,Logistics,Luanda,Cash,5675,838,0.147665198,,
7/15/2023,SHOPRITE ANGOLA ,Carlos Miguel,Carlos,Miguel,Sales,Benguela,PayPal,5205,1777,0.341402498,,
2/12/2022,"TESLA, INC. ",Jose Manuel,Jose,Manuel,IT,Luanda,PayPal,3768,1650,0.437898089,,
6/24/2023,"TESLA, INC. ",Marta Silva,Marta,Silva,Finance,Luanda,PayPal,7705,1953,0.253471772,,
1/16/2023,SHOPRITE ANGOLA ,Ana Paula,Ana,Paula,Sales,Benguela,Transfer,5702,1159,0.203262013,,
10/3/2022,AMAZON.CO ,Ana Paula,Ana,Paula,Finance,Luanda,PayPal,4589,727,0.158422314,,
1/27/2024,"TESLA, INC. ",Marta Silva,Marta,Silva,Logistics,Luanda,Card,5394,853,0.158138673,,
11/11/2022,SHOPRITE ANGOLA ,Luiz Fernando,Luiz,Fernando,Logistics,Huambo,Transfer,3854,743,0.192786715,,
3/12/2023,AMAZON.CO ,Pedro Alves,Pedro,Alves,IT,Luanda,Transfer,4527,843,0.186216037,,
5/10/2023,MAXI CASH ,Pedro Alves,Pedro,Alves,Logistics,Huambo,Transfer,5775,1810,0.313419913,,
2/9/2023,SHOPRITE ANGOLA ,Luiz Fernando,Luiz,Fernando,Finance,Luanda,Cash,5413,1831,0.338259745,,
1/28/2024,SHOPRITE ANGOLA ,Ana Paula,Ana,Paula,Sales,Luanda,PayPal,7535,1480,0.196416722,,
11/16/2022,KERO ,Pedro Alves,Pedro,Alves,Logistics,Huambo,Transfer,6986,1653,0.236616089,,
7/21/2022,NOSSO SUPERMERCADO ,Marta Silva,Marta,Silva,Sales,Benguela,Card,7233,1407,0.194525093,,
4/18/2022,MAXI CASH ,Pedro Alves,Pedro,Alves,Sales,Luanda,PayPal,5067,650,0.128281034,,
7/6/2022,MAXI CASH ,Carlos Miguel,Carlos,Miguel,IT,Luanda,Transfer,6942,1022,0.147219821,,
2/20/2022,AMAZON.CO ,Carlos Miguel,Carlos,Miguel,Sales,Luanda,Transfer,6131,1717,0.280052194,,
8/9/2023,ARZAMART ,Jose Manuel,Jose,Manuel,Sales,Benguela,Cash,4634,950,0.205006474,,
1/28/2024,ARZAMART ,Ana Paula,Ana,Paula,Logistics,Huambo,Cash,5835,646,0.110711225,,
9/4/2023,AMAZON.CO ,Marta Silva,Marta,Silva,Logistics,Huambo,Card,4923,1926,0.391224863,,
7/28/2022,MAXI CASH ,Carlos Miguel,Carlos,Miguel,Finance,Luanda,PayPal,6440,1322,0.205279503,,
5/3/2023,"TESLA, INC. ",Marta Silva,Marta,Silva,Sales,Benguela,Transfer,5744,1350,0.235027855,,
2/14/2022,"TESLA, INC. ",Jose Manuel,Jose,Manuel,Finance,Luanda,Transfer,3452,1150,0.333140209,,
9/24/2023,KERO ,Pedro Alves,Pedro,Alves,Logistics,Huambo,Card,7002,831,0.118680377,,
1/8/2024,SHOPRITE ANGOLA ,Ana Paula,Ana,Paula,IT,Luanda,Card,4339,1342,0.309287854,,
12/23/2022,WALMART INTL ,Ana Paula,Ana,Paula,Sales,Luanda,Transfer,3980,1866,0.468844221,,
7/30/2022,MAXI CASH ,Ana Paula,Ana,Paula,Logistics,Luanda,PayPal,5021,654,0.130252938,,
3/31/2023,ARZAMART ,Jose Manuel,Jose,Manuel,Finance,Luanda,Transfer,3650,845,0.231506849,,
9/1/2022,ARZAMART ,Marta Silva,Marta,Silva,Finance,Luanda,Cash,6447,1573,0.243989452,,
7/23/2023,SHOPRITE ANGOLA ,Luiz Fernando,Luiz,Fernando,IT,Luanda,Cash,6129,510,0.083210964,,
6/22/2023,ARZAMART ,Pedro Alves,Pedro,Alves,Sales,Benguela,Cash,5846,1229,0.210229217,,
7/12/2023,SHOPRITE ANGOLA ,Ana Paula,Ana,Paula,Logistics,Huambo,PayPal,5068,987,0.194751381,,
3/15/2022,SHOPRITE ANGOLA ,Pedro Alves,Pedro,Alves,IT,Luanda,Cash,5594,1539,0.275116196,,
11/6/2023,ARZAMART ,Pedro Alves,Pedro,Alves,Finance,Luanda,PayPal,7709,960,0.12452977,,
8/12/2023,KERO ,Ana Paula,Ana,Paula,Sales,Benguela,Transfer,7604,1448,0.190426092,,
7/14/2023,"TESLA, INC. ",Marta Silva,Marta,Silva,Sales,Luanda,Card,6794,1507,0.221813365,,
8/12/2022,KERO ,Carlos Miguel,Carlos,Miguel,Sales,Benguela,Transfer,7840,1860,0.237244898,,
8/10/2022,AMAZON.CO ,Pedro Alves,Pedro,Alves,Sales,Benguela,Cash,6818,1405,0.206072162,,
3/7/2022,NOSSO SUPERMERCADO ,Carlos Miguel,Carlos,Miguel,IT,Luanda,Transfer,5213,1307,0.250719355,,
2/5/2022,WALMART INTL ,Ana Paula,Ana,Paula,Sales,Benguela,Transfer,6756,1353,0.20026643,,
10/5/2022,MAXI CASH ,Marta Silva,Marta,Silva,Sales,Luanda,PayPal,4380,1502,0.342922374,,
2/16/2024,WALMART INTL ,Carlos Miguel,Carlos,Miguel,Finance,Luanda,Card,4974,1865,0.374949739,,
4/29/2023,KERO ,Jose Manuel,Jose,Manuel,Logistics,Huambo,Cash,5142,1165,0.226565539,,
4/7/2022,NOSSO SUPERMERCADO ,Jose Manuel,Jose,Manuel,Sales,Benguela,Cash,7488,778,0.103899573,,
2/9/2022,NOSSO SUPERMERCADO ,Luiz Fernando,Luiz,Fernando,IT,Luanda,PayPal,6946,1701,0.244889145,,
1/23/2024,SHOPRITE ANGOLA ,Ana Paula,Ana,Paula,IT,Luanda,Transfer,5249,1914,0.364640884,,
3/19/2023,SHOPRITE ANGOLA ,Pedro Alves,Pedro,Alves,Sales,Luanda,PayPal,5189,1611,0.310464444,,
12/31/2023,WALMART INTL ,Carlos Miguel,Carlos,Miguel,Logistics,Huambo,Card,4744,1693,0.356871838,,
4/23/2022,ARZAMART ,Marta Silva,Marta,Silva,Finance,Luanda,PayPal,5159,997,0.193254507,,
10/1/2022,ARZAMART ,Ana Paula,Ana,Paula,Finance,Luanda,PayPal,7893,667,0.084505258,,
2/6/2024,SHOPRITE ANGOLA ,Carlos Miguel,Carlos,Miguel,Sales,Luanda,Cash,3316,1747,0.526839566,,
6/7/2023,ARZAMART ,Marta Silva,Marta,Silva,IT,Luanda,Cash,5710,1294,0.226619965,,
12/7/2022,MAXI CASH ,Pedro Alves,Pedro,Alves,IT,Luanda,Transfer,5607,1605,0.286249331,,
5/15/2022,ARZAMART ,Pedro Alves,Pedro,Alves,Logistics,Huambo,Cash,5295,608,0.114825307,,
2/11/2022,AMAZON.CO ,Jose Manuel,Jose,Manuel,Logistics,Luanda,Card,5993,1579,0.263474053,,
8/8/2022,MAXI CASH ,Carlos Miguel,Carlos,Miguel,Sales,Benguela,PayPal,5755,1474,0.256125109,,
3/27/2022,MAXI CASH ,Jose Manuel,Jose,Manuel,Logistics,Huambo,Card,7388,1780,0.24093124,,
7/11/2022,KERO ,Carlos Miguel,Carlos,Miguel,Logistics,Huambo,Card,5062,1079,0.213156855,,
3/15/2023,ARZAMART ,Luiz Fernando,Luiz,Fernando,Finance,Luanda,Card,6224,1133,0.182037275,,
8/18/2023,"TESLA, INC. ",Pedro Alves,Pedro,Alves,Sales,Luanda,PayPal,3936,1263,0.320884146,,
10/29/2023,ARZAMART ,Luiz Fernando,Luiz,Fernando,Finance,Luanda,Transfer,3892,655,0.168293936,,
2/16/2022,KERO ,Carlos Miguel,Carlos,Miguel,Sales,Luanda,Card,7136,517,0.072449552,,
9/24/2022,NOSSO SUPERMERCADO ,Luiz Fernando,Luiz,Fernando,Finance,Luanda,PayPal,7201,1432,0.198861269,,
9/9/2023,SHOPRITE ANGOLA ,Luiz Fernando,Luiz,Fernando,Sales,Benguela,Cash,5377,570,0.106007067,,
11/26/2022,AMAZON.CO ,Carlos Miguel,Carlos,Miguel,Logistics,Luanda,Transfer,6673,1853,0.277686198,,
5/29/2022,MAXI CASH ,Jose Manuel,Jose,Manuel,Sales,Luanda,Card,3505,903,0.257631954,,
1/15/2024,AMAZON.CO ,Marta Silva,Marta,Silva,IT,Luanda,Transfer,3328,1070,0.321514423,,
8/24/2023,AMAZON.CO ,Marta Silva,Marta,Silva,Finance,Luanda,Transfer,4823,1812,0.375699772,,
5/7/2022,"TESLA, INC. ",Luiz Fernando,Luiz,Fernando,IT,Luanda,PayPal,3175,1241,0.390866142,,
10/5/2022,SHOPRITE ANGOLA ,Luiz Fernando,Luiz,Fernando,Sales,Benguela,Card,7429,1202,0.161798358,,
11/28/2022,MAXI CASH ,Luiz Fernando,Luiz,Fernando,Logistics,Huambo,Transfer,3827,1155,0.301802979,,
5/18/2022,MAXI CASH ,Carlos Miguel,Carlos,Miguel,Sales,Benguela,Transfer,4996,1066,0.213370697,,
9/29/2022,KERO ,Ana Paula,Ana,Paula,Sales,Benguela,Cash,5291,815,0.154035154,,
1/11/2023,WALMART INTL ,Carlos Miguel,Carlos,Miguel,Finance,Luanda,PayPal,7763,842,0.108463223,,
12/23/2022,AMAZON.CO ,Luiz Fernando,Luiz,Fernando,Sales,Luanda,PayPal,5631,1022,0.181495294,,
8/1/2024,ARZAMART ,Jose Manuel,Jose,Manuel,Logistics,Huambo,PayPal,6228,670,0.107578677,,
1/27/2023,"TESLA, INC. ",Carlos Miguel,Carlos,Miguel,Finance,Luanda,Transfer,5471,615,0.112410894,,
1/23/2022,KERO ,Luiz Fernando,Luiz,Fernando,Sales,Benguela,Transfer,5234,1039,0.198509744,,
8/5/2023,NOSSO SUPERMERCADO ,Carlos Miguel,Carlos,Miguel,IT,Luanda,Card,3098,934,0.301484829,,
4/25/2023,KERO ,Carlos Miguel,Carlos,Miguel,Finance,Luanda,Transfer,3906,963,0.246543779,,
2/3/2024,"TESLA, INC. ",Pedro Alves,Pedro,Alves,IT,Luanda,Card,4369,930,0.212863355,,
8/1/2022,NOSSO SUPERMERCADO ,Marta Silva,Marta,Silva,Finance,Luanda,Card,3105,1880,0.60547504,,
1/24/2023,MAXI CASH ,Luiz Fernando,Luiz,Fernando,IT,Luanda,Transfer,4582,1131,0.246835443,,
5/2/2023,ARZAMART ,Carlos Miguel,Carlos,Miguel,Logistics,Luanda,Transfer,7713,915,0.118630883,,
2/20/2023,KERO ,Marta Silva,Marta,Silva,Logistics,Huambo,Cash,5050,1948,0.385742574,,
10/15/2023,MAXI CASH ,Pedro Alves,Pedro,Alves,IT,Luanda,PayPal,5138,1249,0.243090697,,
3/11/2024,WALMART INTL ,Carlos Miguel,Carlos,Miguel,Logistics,Luanda,PayPal,3830,1587,0.414360313,,
2/11/2023,WALMART INTL ,Pedro Alves,Pedro,Alves,Logistics,Huambo,PayPal,3931,655,0.166624269,,
1/18/2024,KERO ,Jose Manuel,Jose,Manuel,IT,Luanda,PayPal,4805,896,0.186472425,,
1/8/2023,MAXI CASH ,Luiz Fernando,Luiz,Fernando,Finance,Luanda,PayPal,5511,1938,0.351660316,,
10/18/2023,SHOPRITE ANGOLA ,Ana Paula,Ana,Paula,IT,Luanda,PayPal,5566,1151,0.206791232,,
6/10/2022,SHOPRITE ANGOLA ,Carlos Miguel,Carlos,Miguel,Finance,Luanda,Transfer,5277,1689,0.320068221,,
11/19/2023,ARZAMART ,Carlos Miguel,Carlos,Miguel,Sales,Luanda,Cash,4194,1224,0.291845494,,
2/24/2022,ARZAMART ,Jose Manuel,Jose,Manuel,IT,Luanda,Cash,5854,828,0.141441749,,
3/9/2023,WALMART INTL ,Marta Silva,Marta,Silva,IT,Luanda,Transfer,5620,1510,0.268683274,,
11/27/2022,AMAZON.CO ,Jose Manuel,Jose,Manuel,IT,Luanda,Cash,7588,503,0.066288877,,
8/10/2022,NOSSO SUPERMERCADO ,Marta Silva,Marta,Silva,IT,Luanda,Transfer,7870,1193,0.15158831,,
9/5/2022,WALMART INTL ,Pedro Alves,Pedro,Alves,Logistics,Huambo,Card,3914,869,0.222023505,,
11/20/2023,WALMART INTL ,Marta Silva,Marta,Silva,Finance,Luanda,PayPal,6887,764,0.110933643,,
9/1/2023,"TESLA, INC. ",Jose Manuel,Jose,Manuel,Sales,Luanda,Card,4178,1658,0.396840594,,
9/12/2023,KERO ,Pedro Alves,Pedro,Alves,Logistics,Luanda,Transfer,6680,1122,0.167964072,,
1/2/2023,WALMART INTL ,Luiz Fernando,Luiz,Fernando,Finance,Luanda,PayPal,7436,1750,0.235341581,,
7/3/2023,"TESLA, INC. ",Pedro Alves,Pedro,Alves,Finance,Luanda,Card,6798,993,0.146072374,,
3/25/2023,"TESLA, INC. ",Carlos Miguel,Carlos,Miguel,Finance,Luanda,Card,3074,1162,0.378009109,,
10/14/2022,NOSSO SUPERMERCADO ,Ana Paula,Ana,Paula,Logistics,Huambo,Cash,4501,1208,0.268384803,,
3/15/2023,NOSSO SUPERMERCADO ,Carlos Miguel,Carlos,Miguel,Logistics,Huambo,Cash,5859,1232,0.210274791,,
8/5/2023,NOSSO SUPERMERCADO ,Pedro Alves,Pedro,Alves,Finance,Luanda,Transfer,6503,1456,0.223896663,,
4/16/2023,"TESLA, INC. ",Pedro Alves,Pedro,Alves,Sales,Luanda,Cash,4080,633,0.155147059,,
1/15/2024,SHOPRITE ANGOLA ,Marta Silva,Marta,Silva,Sales,Benguela,Card,5416,904,0.166912851,,
12/7/2023,"TESLA, INC. ",Luiz Fernando,Luiz,Fernando,Sales,Luanda,Transfer,5620,1417,0.252135231,,
7/22/2022,SHOPRITE ANGOLA ,Carlos Miguel,Carlos,Miguel,Finance,Luanda,Cash,4251,1538,0.361797224,,
6/14/2023,"TESLA, INC. ",Marta Silva,Marta,Silva,Finance,Luanda,Cash,3784,1081,0.285676533,,
8/29/2022,ARZAMART ,Pedro Alves,Pedro,Alves,IT,Luanda,Transfer,3454,1748,0.506079907,,
9/18/2023,MAXI CASH ,Marta Silva,Marta,Silva,Sales,Benguela,Transfer,6397,784,0.122557449,,
9/6/2022,AMAZON.CO ,Jose Manuel,Jose,Manuel,Finance,Luanda,Card,6846,1532,0.22378031,,
4/19/2023,NOSSO SUPERMERCADO ,Carlos Miguel,Carlos,Miguel,IT,Luanda,Card,7829,573,0.073189424,,
11/20/2022,SHOPRITE ANGOLA ,Ana Paula,Ana,Paula,Logistics,Luanda,Transfer,4729,1802,0.381053077,,
6/11/2022,NOSSO SUPERMERCADO ,Jose Manuel,Jose,Manuel,Sales,Luanda,Transfer,3706,1697,0.457906098,,
5/19/2023,"TESLA, INC. ",Jose Manuel,Jose,Manuel,Logistics,Huambo,Cash,5728,1113,0.194308659,,
3/27/2022,WALMART INTL ,Luiz Fernando,Luiz,Fernando,IT,Luanda,Transfer,6625,1715,0.258867925,,
4/11/2023,KERO ,Jose Manuel,Jose,Manuel,Logistics,Luanda,Card,7730,1195,0.154592497,,
12/21/2022,"TESLA, INC. ",Luiz Fernando,Luiz,Fernando,IT,Luanda,PayPal,4072,1470,0.361001965,,
9/26/2022,AMAZON.CO ,Jose Manuel,Jose,Manuel,Sales,Luanda,Card,5639,1670,0.2961518,,
10/6/2022,SHOPRITE ANGOLA ,Pedro Alves,Pedro,Alves,Logistics,Huambo,PayPal,5910,1411,0.238747885,,
5/9/2023,WALMART INTL ,Marta Silva,Marta,Silva,Finance,Luanda,Card,6280,1781,0.283598726,,
4/10/2022,MAXI CASH ,Jose Manuel,Jose,Manuel,Sales,Benguela,Card,3397,841,0.247571387,,
2/27/2023,"TESLA, INC. ",Jose Manuel,Jose,Manuel,IT,Luanda,Cash,3581,1042,0.290980173,,
10/6/2023,NOSSO SUPERMERCADO ,Carlos Miguel,Carlos,Miguel,Finance,Luanda,Transfer,3473,1599,0.460408868,,
1/11/2022,ARZAMART ,Marta Silva,Marta,Silva,Sales,Luanda,Card,3147,1027,0.326342548,,
6/13/2023,ARZAMART ,Marta Silva,Marta,Silva,Logistics,Huambo,Transfer,3122,720,0.230621397,,
12/30/2023,ARZAMART ,Marta Silva,Marta,Silva,Sales,Benguela,Cash,7440,1091,0.146639785,,
7/30/2023,KERO ,Pedro Alves,Pedro,Alves,Logistics,Huambo,PayPal,7876,1805,0.229177247,,
1/15/2023,KERO ,Ana Paula,Ana,Paula,Sales,Benguela,Card,6379,1417,0.222135131,,
3/21/2023,NOSSO SUPERMERCADO ,Jose Manuel,Jose,Manuel,Logistics,Luanda,Transfer,7672,1867,0.24335245,,
5/29/2022,WALMART INTL ,Luiz Fernando,Luiz,Fernando,Sales,Benguela,Cash,7467,765,0.102450783,,
11/29/2023,WALMART INTL ,Marta Silva,Marta,Silva,Logistics,Huambo,Transfer,7962,1361,0.170936951,,
11/27/2022,MAXI CASH ,Carlos Miguel,Carlos,Miguel,Sales,Luanda,PayPal,3692,1938,0.524918743,,
1/17/2024,KERO ,Carlos Miguel,Carlos,Miguel,Sales,Benguela,Transfer,5485,1670,0.304466727,,
2/11/2022,"TESLA, INC. ",Luiz Fernando,Luiz,Fernando,Finance,Luanda,PayPal,4309,1675,0.388721281,,
7/23/2023,KERO ,Jose Manuel,Jose,Manuel,Sales,Luanda,Transfer,3295,1236,0.375113809,,
2/25/2024,MAXI CASH ,Ana Paula,Ana,Paula,Sales,Benguela,Transfer,7145,1492,0.208817355,,
8/20/2023,NOSSO SUPERMERCADO ,Ana Paula,Ana,Paula,Finance,Luanda,Transfer,6786,1439,0.212054229,,
5/23/2022,MAXI CASH ,Pedro Alves,Pedro,Alves,Logistics,Huambo,Card,3648,1558,0.427083333,,
2/22/2024,AMAZON.CO ,Ana Paula,Ana,Paula,IT,Luanda,PayPal,7851,541,0.068908419,,
12/7/2023,"TESLA, INC. ",Carlos Miguel,Carlos,Miguel,Sales,Luanda,Cash,5697,1999,0.350886431,,
5/20/2022,SHOPRITE ANGOLA ,Luiz Fernando,Luiz,Fernando,Logistics,Luanda,Card,3284,621,0.18909866,,
3/21/2023,AMAZON.CO ,Ana Paula,Ana,Paula,Logistics,Huambo,Card,6790,1809,0.266421208,,
2/2/2023,ARZAMART ,Carlos Miguel,Carlos,Miguel,Logistics,Huambo,Cash,7909,1056,0.133518776,,
6/10/2022,ARZAMART ,Marta Silva,Marta,Silva,Logistics,Huambo,Cash,6276,915,0.145793499,,
7/13/2022,MAXI CASH ,Luiz Fernando,Luiz,Fernando,Sales,Benguela,Transfer,4642,546,0.117621715,,
6/11/2023,ARZAMART ,Ana Paula,Ana,Paula,Sales,Luanda,Cash,6871,1229,0.178867705,,
12/31/2022,"TESLA, INC. ",Carlos Miguel,Carlos,Miguel,Logistics,Huambo,PayPal,6017,1797,0.298653814,,
4/24/2022,ARZAMART ,Jose Manuel,Jose,Manuel,Logistics,Luanda,Transfer,4664,739,0.158447684,,
8/24/2023,NOSSO SUPERMERCADO ,Jose Manuel,Jose,Manuel,Logistics,Luanda,Transfer,7993,1330,0.166395596,,
9/4/2022,WALMART INTL ,Marta Silva,Marta,Silva,Sales,Luanda,Transfer,5898,1357,0.230077993,,
3/3/2022,KERO ,Ana Paula,Ana,Paula,Logistics,Luanda,Transfer,3808,1170,0.307247899,,
10/11/2022,AMAZON.CO ,Jose Manuel,Jose,Manuel,Logistics,Luanda,PayPal,3829,1354,0.353617132,,
12/15/2023,SHOPRITE ANGOLA ,Pedro Alves,Pedro,Alves,Logistics,Luanda,PayPal,5620,1606,0.285765125,,
6/3/2022,WALMART INTL ,Luiz Fernando,Luiz,Fernando,Logistics,Luanda,Card,6237,615,0.098605099,,
1/10/2023,AMAZON.CO ,Marta Silva,Marta,Silva,Sales,Luanda,Cash,3971,1876,0.472425082,,
9/25/2022,SHOPRITE ANGOLA ,Marta Silva,Marta,Silva,Logistics,Luanda,Card,5171,773,0.149487527,,
12/5/2022,MAXI CASH ,Ana Paula,Ana,Paula,Sales,Benguela,Transfer,3431,1580,0.460507141,,
8/6/2023,AMAZON.CO ,Luiz Fernando,Luiz,Fernando,Finance,Luanda,Transfer,6881,1695,0.246330475,,
12/12/2022,WALMART INTL ,Luiz Fernando,Luiz,Fernando,Logistics,Luanda,Cash,7925,855,0.107886435,,
7/31/2023,WALMART INTL ,Marta Silva,Marta,Silva,Sales,Benguela,Card,3693,1235,0.334416464,,
7/22/2022,ARZAMART ,Pedro Alves,Pedro,Alves,Finance,Luanda,Transfer,5270,1032,0.195825427,,
5/30/2023,"TESLA, INC. ",Pedro Alves,Pedro,Alves,Logistics,Luanda,PayPal,7234,897,0.123997788,,
6/8/2022,"TESLA, INC. ",Jose Manuel,Jose,Manuel,Finance,Luanda,PayPal,4546,554,0.121865376,,
11/23/2023,MAXI CASH ,Luiz Fernando,Luiz,Fernando,Sales,Benguela,PayPal,6294,1857,0.295042898,,
1/10/2024,NOSSO SUPERMERCADO ,Jose Manuel,Jose,Manuel,Sales,Benguela,PayPal,3022,1145,0.378888154,,
2/27/2024,"TESLA, INC. ",Jose Manuel,Jose,Manuel,Sales,Luanda,Transfer,5836,705,0.120801919,,
5/2/2022,ARZAMART ,Luiz Fernando,Luiz,Fernando,IT,Luanda,Card,4517,1919,0.424839495,,
2/18/2022,WALMART INTL ,Ana Paula,Ana,Paula,Sales,Benguela,Cash,4612,511,0.110797918,,
12/22/2023,NOSSO SUPERMERCADO ,Carlos Miguel,Carlos,Miguel,Sales,Benguela,Card,5947,1106,0.185976122,,
3/3/2022,AMAZON.CO ,Marta Silva,Marta,Silva,Logistics,Huambo,Card,6008,1956,0.325565912,,
6/1/2024,SHOPRITE ANGOLA ,Marta Silva,Marta,Silva,Finance,Luanda,PayPal,4100,716,0.174634146,,
8/29/2023,ARZAMART ,Carlos Miguel,Carlos,Miguel,Logistics,Huambo,PayPal,4272,596,0.139513109,,
8/17/2023,AMAZON.CO ,Jose Manuel,Jose,Manuel,Logistics,Luanda,PayPal,3777,903,0.239078634,,
9/23/2023,ARZAMART ,Marta Silva,Marta,Silva,Logistics,Luanda,Transfer,6650,1871,0.281353383,,
5/11/2023,ARZAMART ,Luiz Fernando,Luiz,Fernando,Sales,Benguela,Card,6332,1659,0.262002527,,
1/30/2023,SHOPRITE ANGOLA ,Ana Paula,Ana,Paula,Logistics,Luanda,PayPal,4172,516,0.123681687,,
8/10/2022,NOSSO SUPERMERCADO ,Jose Manuel,Jose,Manuel,Logistics,Luanda,Card,3123,1017,0.325648415,,
1/5/2023,MAXI CASH ,Marta Silva,Marta,Silva,Sales,Luanda,PayPal,5030,763,0.151689861,,
1/25/2023,WALMART INTL ,Luiz Fernando,Luiz,Fernando,Finance,Luanda,PayPal,4196,944,0.224976168,,
1/14/2023,"TESLA, INC. ",Luiz Fernando,Luiz,Fernando,Sales,Luanda,Transfer,7749,1200,0.154858691,,
5/6/2023,SHOPRITE ANGOLA ,Luiz Fernando,Luiz,Fernando,Sales,Luanda,PayPal,3312,1769,0.534118357,,
11/27/2022,"TESLA, INC. ",Ana Paula,Ana,Paula,IT,Luanda,Card,5791,1310,0.226213089,,
12/8/2022,SHOPRITE ANGOLA ,Carlos Miguel,Carlos,Miguel,IT,Luanda,Transfer,5822,1756,0.301614565,,
9/5/2022,NOSSO SUPERMERCADO ,Luiz Fernando,Luiz,Fernando,Sales,Benguela,Card,5736,1751,0.305264993,,
1/6/2023,AMAZON.CO ,Marta Silva,Marta,Silva,Sales,Luanda,PayPal,5458,1239,0.227006229,,
6/6/2022,KERO ,Ana Paula,Ana,Paula,IT,Luanda,Card,3462,1644,0.474870017,,
11/7/2022,KERO ,Jose Manuel,Jose,Manuel,IT,Luanda,PayPal,6571,674,0.102571907,,
10/9/2022,KERO ,Marta Silva,Marta,Silva,Finance,Luanda,Card,6113,1487,0.243252086,,
1/7/2023,AMAZON.CO ,Marta Silva,Marta,Silva,Logistics,Luanda,Cash,4398,1068,0.242837653,,
5/2/2022,AMAZON.CO ,Jose Manuel,Jose,Manuel,IT,Luanda,Cash,3306,912,0.275862069,,
6/29/2022,SHOPRITE ANGOLA ,Marta Silva,Marta,Silva,Logistics,Huambo,Transfer,4384,855,0.195027372,,
9/10/2022,"TESLA, INC. ",Carlos Miguel,Carlos,Miguel,IT,Luanda,Cash,5048,1746,0.345879556,,
12/8/2022,ARZAMART ,Carlos Miguel,Carlos,Miguel,Sales,Benguela,Transfer,6301,1515,0.240438026,,
3/20/2022,ARZAMART ,Pedro Alves,Pedro,Alves,Sales,Luanda,Transfer,3390,1247,0.367846608,,
7/13/2023,ARZAMART ,Jose Manuel,Jose,Manuel,Sales,Luanda,Card,7017,1063,0.15148924,,
9/1/2022,SHOPRITE ANGOLA ,Jose Manuel,Jose,Manuel,Sales,Luanda,Transfer,6593,621,0.094190808,,
10/14/2023,ARZAMART ,Pedro Alves,Pedro,Alves,IT,Luanda,Card,4615,616,0.13347779,,
11/22/2022,AMAZON.CO ,Ana Paula,Ana,Paula,Logistics,Huambo,Card,7067,1707,0.24154521,,
4/15/2023,KERO ,Luiz Fernando,Luiz,Fernando,Sales,Luanda,Card,7815,1992,0.254894434,,
5/18/2023,WALMART INTL ,Jose Manuel,Jose,Manuel,Logistics,Huambo,PayPal,6461,687,0.106330289,,
9/14/2022,KERO ,Carlos Miguel,Carlos,Miguel,Sales,Benguela,Transfer,3112,1367,0.439267352,,
8/31/2022,MAXI CASH ,Pedro Alves,Pedro,Alves,Logistics,Huambo,Transfer,6869,887,0.129130878,,
11/1/2022,WALMART INTL ,Ana Paula,Ana,Paula,Sales,Benguela,Transfer,6096,1178,0.19324147,,
6/14/2023,"TESLA, INC. ",Pedro Alves,Pedro,Alves,Sales,Luanda,Transfer,5210,682,0.130902111,,
8/26/2022,MAXI CASH ,Jose Manuel,Jose,Manuel,Finance,Luanda,Cash,5257,1400,0.266311585,,
1/13/2023,WALMART INTL ,Luiz Fernando,Luiz,Fernando,Sales,Benguela,Transfer,4229,1767,0.417829274,,
12/23/2023,ARZAMART ,Luiz Fernando,Luiz,Fernando,IT,Luanda,Cash,3508,801,0.228335234,,
5/10/2023,ARZAMART ,Carlos Miguel,Carlos,Miguel,Sales,Luanda,Cash,6627,1829,0.275992153,,
7/3/2022,KERO ,Jose Manuel,Jose,Manuel,Logistics,Huambo,Card,5452,1769,0.324468085,,
2/29/2024,WALMART INTL ,Ana Paula,Ana,Paula,IT,Luanda,PayPal,7947,1291,0.162451239,,
10/6/2023,"TESLA, INC. ",Carlos Miguel,Carlos,Miguel,Sales,Luanda,PayPal,5453,682,0.125068769,,
3/1/2024,ARZAMART ,Ana Paula,Ana,Paula,IT,Luanda,Transfer,4429,1953,0.440957327,,
3/10/2022,AMAZON.CO ,Pedro Alves,Pedro,Alves,Logistics,Huambo,Cash,5372,901,0.167721519,,
2/27/2022,WALMART INTL ,Luiz Fernando,Luiz,Fernando,Sales,Luanda,Cash,7129,764,0.107167906,,
11/4/2022,MAXI CASH ,Carlos Miguel,Carlos,Miguel,Logistics,Huambo,Card,3605,1370,0.380027739,,
1/19/2022,ARZAMART ,Jose Manuel,Jose,Manuel,Logistics,Luanda,Card,3918,943,0.240684022,,
7/28/2023,KERO ,Jose Manuel,Jose,Manuel,Sales,Benguela,Cash,7327,635,0.086665757,,
5/17/2022,WALMART INTL ,Luiz Fernando,Luiz,Fernando,Logistics,Luanda,Card,6078,1013,0.166666667,,
9/26/2023,NOSSO SUPERMERCADO ,Luiz Fernando,Luiz,Fernando,Logistics,Huambo,Cash,3581,1174,0.327841385,,
9/22/2022,ARZAMART ,Marta Silva,Marta,Silva,Logistics,Luanda,Cash,7754,1934,0.249419654,,
6/10/2022,NOSSO SUPERMERCADO ,Jose Manuel,Jose,Manuel,Finance,Luanda,Card,3526,1337,0.37918321,,
4/4/2022,AMAZON.CO ,Jose Manuel,Jose,Manuel,Sales,Benguela,PayPal,6712,1616,0.240762813,,
3/2/2024,NOSSO SUPERMERCADO ,Carlos Miguel,Carlos,Miguel,Logistics,Huambo,PayPal,4170,1428,0.342446043,,
9/12/2022,AMAZON.CO ,Luiz Fernando,Luiz,Fernando,Finance,Luanda,Cash,4138,1452,0.350894152,,
3/23/2022,KERO ,Luiz Fernando,Luiz,Fernando,Sales,Luanda,Transfer,5141,1742,0.338844583,,
6/27/2022,MAXI CASH ,Ana Paula,Ana,Paula,Sales,Benguela,Card,6885,1378,0.200145243,,
4/8/2023,NOSSO SUPERMERCADO ,Jose Manuel,Jose,Manuel,Finance,Luanda,Card,7598,1417,0.186496446,,
2/21/2023,ARZAMART ,Marta Silva,Marta,Silva,Sales,Benguela,PayPal,3496,1716,0.490846682,,
2/17/2024,KERO ,Marta Silva,Marta,Silva,Logistics,Luanda,Transfer,4453,1843,0.413878284,,
6/9/2023,WALMART INTL ,Marta Silva,Marta,Silva,Sales,Benguela,Transfer,7423,550,0.074094032,,
7/16/2022,ARZAMART ,Marta Silva,Marta,Silva,Sales,Benguela,Card,5144,1036,0.201399689,,
11/19/2023,WALMART INTL ,Pedro Alves,Pedro,Alves,Logistics,Huambo,Card,4912,777,0.158184039,,
7/28/2023,"TESLA, INC. ",Jose Manuel,Jose,Manuel,Logistics,Luanda,Cash,7234,1360,0.188001106,,
3/11/2022,"TESLA, INC. ",Ana Paula,Ana,Paula,Logistics,Luanda,Cash,3491,1792,0.513319966,,
2/1/2024,"TESLA, INC. ",Carlos Miguel,Carlos,Miguel,Logistics,Luanda,Cash,4731,884,0.186852674,,
11/13/2022,"TESLA, INC. ",Luiz Fernando,Luiz,Fernando,Sales,Benguela,PayPal,6529,546,0.083626895,,
8/26/2022,KERO ,Ana Paula,Ana,Paula,Sales,Benguela,PayPal,5439,1614,0.296745725,,
2/18/2022,NOSSO SUPERMERCADO ,Pedro Alves,Pedro,Alves,Sales,Benguela,Cash,6682,811,0.121370847,,
12/24/2023,SHOPRITE ANGOLA ,Luiz Fernando,Luiz,Fernando,Logistics,Luanda,PayPal,6640,1076,0.162048193,,
2/17/2023,WALMART INTL ,Luiz Fernando,Luiz,Fernando,IT,Luanda,Cash,3999,1205,0.301325331,,
1/15/2022,WALMART INTL ,Jose Manuel,Jose,Manuel,IT,Luanda,PayPal,7943,936,0.117839607,,
10/23/2023,WALMART INTL ,Luiz Fernando,Luiz,Fernando,Sales,Benguela,Transfer,7499,541,0.072142952,,
8/28/2022,SHOPRITE ANGOLA ,Ana Paula,Ana,Paula,IT,Luanda,PayPal,7361,1033,0.140334194,,
12/25/2022,"TESLA, INC. ",Marta Silva,Marta,Silva,IT,Luanda,Card,5486,1731,0.315530441,,
1/6/2023,NOSSO SUPERMERCADO ,Luiz Fernando,Luiz,Fernando,Logistics,Huambo,Card,6005,1435,0.238967527,,
3/6/2022,KERO ,Jose Manuel,Jose,Manuel,Sales,Benguela,Cash,5701,700,0.122785476,,
5/21/2023,"TESLA, INC. ",Pedro Alves,Pedro,Alves,Sales,Benguela,Card,7241,818,0.112967822,,
7/15/2022,MAXI CASH ,Pedro Alves,Pedro,Alves,Sales,Luanda,Transfer,4928,1741,0.353287338,,
1/26/2023,"TESLA, INC. ",Carlos Miguel,Carlos,Miguel,Finance,Luanda,PayPal,3269,1077,0.32945855,,
1/25/2024,"TESLA, INC. ",Carlos Miguel,Carlos,Miguel,Finance,Luanda,Transfer,7161,1872,0.261416003,,
11/5/2023,NOSSO SUPERMERCADO ,Luiz Fernando,Luiz,Fernando,Logistics,Luanda,Cash,5970,1581,0.264824121,,
10/16/2023,NOSSO SUPERMERCADO ,Luiz Fernando,Luiz,Fernando,Finance,Luanda,PayPal,5353,940,0.175602466,,
1/17/2024,AMAZON.CO ,Luiz Fernando,Luiz,Fernando,Sales,Luanda,Transfer,5048,1102,0.218304279,,
11/3/2023,AMAZON.CO ,Jose Manuel,Jose,Manuel,Logistics,Huambo,Transfer,4232,1963,0.463846881,,
12/26/2023,KERO ,Marta Silva,Marta,Silva,IT,Luanda,Transfer,7427,1441,0.194021812,,
12/26/2022,NOSSO SUPERMERCADO ,Jose Manuel,Jose,Manuel,Sales,Benguela,Cash,3002,1023,0.340772818,,
11/11/2023,MAXI CASH ,Ana Paula,Ana,Paula,Sales,Benguela,Cash,4128,1518,0.367732558,,
10/10/2022,ARZAMART ,Ana Paula,Ana,Paula,Finance,Luanda,Transfer,3775,678,0.179602649,,
9/6/2023,NOSSO SUPERMERCADO ,Marta Silva,Marta,Silva,Sales,Luanda,Cash,5259,1540,0.292831337,,
10/9/2023,NOSSO SUPERMERCADO ,Pedro Alves,Pedro,Alves,IT,Luanda,PayPal,5575,1831,0.328430493,,
10/18/2022,MAXI CASH ,Luiz Fernando,Luiz,Fernando,Sales,Benguela,Card,5860,1452,0.24778157,,
9/5/2023,MAXI CASH ,Marta Silva,Marta,Silva,Sales,Benguela,Cash,7006,1406,0.200685127,,
1/23/2023,ARZAMART ,Luiz Fernando,Luiz,Fernando,Logistics,Luanda,Card,7307,1032,0.141234433,,
11/25/2023,SHOPRITE ANGOLA ,Marta Silva,Marta,Silva,IT,Luanda,PayPal,3494,638,0.182598741,,
12/18/2023,ARZAMART ,Ana Paula,Ana,Paula,Logistics,Huambo,PayPal,5985,1631,0.27251462,,
8/18/2023,SHOPRITE ANGOLA ,Luiz Fernando,Luiz,Fernando,IT,Luanda,PayPal,5464,1671,0.305819912,,
4/22/2023,SHOPRITE ANGOLA ,Ana Paula,Ana,Paula,Finance,Luanda,Transfer,4004,1544,0.385614386,,
3/4/2022,KERO ,Luiz Fernando,Luiz,Fernando,Logistics,Huambo,Cash,3558,561,0.15767285,,
11/17/2023,WALMART INTL ,Ana Paula,Ana,Paula,Sales,Benguela,Card,5806,934,0.160868068,,
10/14/2023,"TESLA, INC. ",Ana Paula,Ana,Paula,Logistics,Luanda,Transfer,7894,1738,0.220167216,,
12/9/2023,WALMART INTL ,Jose Manuel,Jose,Manuel,IT,Luanda,Card,5349,1464,0.273696018,,
10/10/2022,MAXI CASH ,Marta Silva,Marta,Silva,Logistics,Huambo,Transfer,3507,1500,0.427715997,,
5/9/2022,SHOPRITE ANGOLA ,Jose Manuel,Jose,Manuel,IT,Luanda,PayPal,4585,986,0.215049073,,
4/20/2023,MAXI CASH ,Jose Manuel,Jose,Manuel,Sales,Benguela,Transfer,3168,1975,0.623421717,,
10/18/2023,KERO ,Ana Paula,Ana,Paula,IT,Luanda,Transfer,3889,1841,0.473386475,,
3/29/2022,"TESLA, INC. ",Carlos Miguel,Carlos,Miguel,Logistics,Huambo,Transfer,4276,729,0.170486436,,
7/23/2023,NOSSO SUPERMERCADO ,Jose Manuel,Jose,Manuel,Finance,Luanda,PayPal,4326,751,0.173601479,,
10/7/2023,NOSSO SUPERMERCADO ,Carlos Miguel,Carlos,Miguel,IT,Luanda,Transfer,5443,1626,0.298732317,,
5/13/2022,"TESLA, INC. ",Ana Paula,Ana,Paula,Sales,Luanda,Transfer,4988,1070,0.214514836,,
5/14/2022,AMAZON.CO ,Jose Manuel,Jose,Manuel,Logistics,Luanda,Cash,4953,1534,0.309711286,,
10/12/2022,SHOPRITE ANGOLA ,Marta Silva,Marta,Silva,Logistics,Huambo,Card,4029,661,0.164060561,,
2/9/2024,KERO ,Luiz Fernando,Luiz,Fernando,Sales,Luanda,Cash,5056,1631,0.322587025,,
12/10/2023,SHOPRITE ANGOLA ,Luiz Fernando,Luiz,Fernando,Logistics,Huambo,Card,7649,1460,0.190874624,,
11/9/2023,AMAZON.CO ,Luiz Fernando,Luiz,Fernando,Finance,Luanda,Cash,4123,588,0.142614601,,
4/6/2022,NOSSO SUPERMERCADO ,Carlos Miguel,Carlos,Miguel,Sales,Benguela,Cash,6221,1132,0.181964314,,
3/19/2022,ARZAMART ,Carlos Miguel,Carlos,Miguel,Sales,Benguela,Cash,4871,588,0.120714432,,
4/1/2022,ARZAMART ,Ana Paula,Ana,Paula,Finance,Luanda,Cash,6030,1069,0.177280265,,
11/1/2023,MAXI CASH ,Marta Silva,Marta,Silva,Finance,Luanda,Card,3566,1145,0.321088054,,
1/2/2023,KERO ,Luiz Fernando,Luiz,Fernando,Sales,Luanda,Cash,4760,1147,0.240966387,,
4/9/2022,KERO ,Marta Silva,Marta,Silva,Sales,Benguela,Card,5426,1210,0.223000369,,
3/9/2022,WALMART INTL ,Jose Manuel,Jose,Manuel,Logistics,Huambo,Transfer,7633,885,0.115943928,,
7/24/2023,KERO ,Luiz Fernando,Luiz,Fernando,Sales,Benguela,Transfer,4155,1023,0.246209386,,
6/10/2022,MAXI CASH ,Luiz Fernando,Luiz,Fernando,Sales,Luanda,PayPal,4726,845,0.178798138,,
5/6/2022,KERO ,Jose Manuel,Jose,Manuel,Sales,Benguela,Transfer,5586,1014,0.181525242,,
9/20/2023,WALMART INTL ,Jose Manuel,Jose,Manuel,IT,Luanda,Cash,6376,1351,0.211888331,,
6/6/2022,ARZAMART ,Carlos Miguel,Carlos,Miguel,Sales,Benguela,PayPal,4213,1364,0.323759791,,
5/12/2023,KERO ,Pedro Alves,Pedro,Alves,Sales,Luanda,PayPal,7210,988,0.1370319,,
12/19/2022,MAXI CASH ,Jose Manuel,Jose,Manuel,Logistics,Luanda,Card,7846,1602,0.204180474,,
11/3/2023,AMAZON.CO ,Carlos Miguel,Carlos,Miguel,Logistics,Huambo,Cash,7994,1101,0.137728296,,
9/9/2023,AMAZON.CO ,Jose Manuel,Jose,Manuel,Finance,Luanda,Cash,4987,638,0.127932625,,
1/16/2022,NOSSO SUPERMERCADO ,Luiz Fernando,Luiz,Fernando,Finance,Luanda,Transfer,4555,1392,0.305598244,,
1/3/2022,WALMART INTL ,Luiz Fernando,Luiz,Fernando,Finance,Luanda,Cash,4674,623,0.133290543,,
1/31/2024,AMAZON.CO ,Luiz Fernando,Luiz,Fernando,Sales,Benguela,Card,5226,1228,0.234978951,,
11/6/2023,AMAZON.CO ,Marta Silva,Marta,Silva,Sales,Luanda,PayPal,5368,1070,0.199329359,,
5/22/2022,WALMART INTL ,Luiz Fernando,Luiz,Fernando,Sales,Luanda,Card,5917,1150,0.194355248,,
1/23/2022,KERO ,Luiz Fernando,Luiz,Fernando,Sales,Benguela,Transfer,3132,1640,0.523627075,,
6/21/2022,SHOPRITE ANGOLA ,Jose Manuel,Jose,Manuel,IT,Luanda,PayPal,7404,1689,0.228119935,,
9/3/2022,WALMART INTL ,Jose Manuel,Jose,Manuel,Logistics,Huambo,Transfer,6750,1551,0.229777778,,
10/6/2022,"TESLA, INC. ",Luiz Fernando,Luiz,Fernando,Logistics,Huambo,PayPal,4233,1285,0.30356721,,
5/17/2022,AMAZON.CO ,Luiz Fernando,Luiz,Fernando,IT,Luanda,Cash,5232,1265,0.241781346,,
3/27/2023,NOSSO SUPERMERCADO ,Ana Paula,Ana,Paula,Logistics,Huambo,PayPal,5155,870,0.168768186,,
10/11/2023,"TESLA, INC. ",Jose Manuel,Jose,Manuel,Finance,Luanda,PayPal,4518,1328,0.29393537,,
1/2/2023,"TESLA, INC. ",Ana Paula,Ana,Paula,Sales,Luanda,Transfer,6222,647,0.103985857,,
9/18/2023,KERO ,Ana Paula,Ana,Paula,Finance,Luanda,Cash,3533,1028,0.290970846,,
10/11/2023,MAXI CASH ,Luiz Fernando,Luiz,Fernando,Sales,Benguela,Transfer,3283,1768,0.538531831,,
3/6/2022,MAXI CASH ,Pedro Alves,Pedro,Alves,IT,Luanda,PayPal,3232,1393,0.431002475,,
1/7/2023,WALMART INTL ,Pedro Alves,Pedro,Alves,Sales,Luanda,Card,6258,1730,0.276446149,,
4/19/2022,NOSSO SUPERMERCADO ,Pedro Alves,Pedro,Alves,Sales,Luanda,PayPal,4075,994,0.24392638,,
12/26/2023,AMAZON.CO ,Jose Manuel,Jose,Manuel,Finance,Luanda,Cash,6619,643,0.097144584,,
10/30/2022,"TESLA, INC. ",Ana Paula,Ana,Paula,Finance,Luanda,Transfer,4352,1554,0.357077206,,
5/8/2022,KERO ,Marta Silva,Marta,Silva,IT,Luanda,Transfer,6267,606,0.096696984,,
5/15/2022,WALMART INTL ,Marta Silva,Marta,Silva,Logistics,Luanda,Card,7145,1119,0.156613016,,
3/26/2022,MAXI CASH ,Pedro Alves,Pedro,Alves,Sales,Benguela,PayPal,4229,1694,0.40056751,,
5/10/2023,ARZAMART ,Pedro Alves,Pedro,Alves,Logistics,Luanda,Cash,5636,901,0.159865153,,
12/30/2023,ARZAMART ,Jose Manuel,Jose,Manuel,Finance,Luanda,Cash,5178,1974,0.381228273,,
12/30/2022,"TESLA, INC. ",Luiz Fernando,Luiz,Fernando,Sales,Luanda,Cash,7009,895,0.127692966,,
6/12/2023,"TESLA, INC. ",Ana Paula,Ana,Paula,Sales,Luanda,Card,5954,1602,0.269062815,,
5/4/2022,ARZAMART ,Carlos Miguel,Carlos,Miguel,Logistics,Luanda,Card,4911,1725,0.351252291,,
9/18/2022,ARZAMART ,Jose Manuel,Jose,Manuel,IT,Luanda,Card,4952,1691,0.341478191,,
9/29/2022,NOSSO SUPERMERCADO ,Ana Paula,Ana,Paula,Logistics,Huambo,Card,5867,1065,0.181523777,,
1/16/2022,KERO ,Ana Paula,Ana,Paula,Sales,Luanda,Transfer,4361,879,0.201559275,,
2/4/2024,"TESLA, INC. ",Marta Silva,Marta,Silva,Finance,Luanda,Transfer,5320,856,0.160902256,,
4/3/2024,NOSSO SUPERMERCADO ,Marta Silva,Marta,Silva,IT,Luanda,PayPal,7667,1890,0.246511021,,
7/5/2022,SHOPRITE ANGOLA ,Ana Paula,Ana,Paula,Sales,Benguela,Cash,5743,1840,0.32039004,,
6/14/2022,MAXI CASH ,Luiz Fernando,Luiz,Fernando,Finance,Luanda,Cash,4446,944,0.212325686,,
4/16/2022,NOSSO SUPERMERCADO ,Jose Manuel,Jose,Manuel,IT,Luanda,Transfer,4596,1396,0.303742385,,
5/14/2022,"TESLA, INC. ",Jose Manuel,Jose,Manuel,Logistics,Luanda,Card,4195,1189,0.283432658,,
3/24/2022,SHOPRITE ANGOLA ,Marta Silva,Marta,Silva,Logistics,Luanda,Card,4197,1826,0.435072671,,
11/24/2022,ARZAMART ,Marta Silva,Marta,Silva,Logistics,Luanda,PayPal,5253,1606,0.305730059,,
10/9/2022,WALMART INTL ,Ana Paula,Ana,Paula,Logistics,Huambo,PayPal,4695,807,0.171884984,,
2/10/2022,KERO ,Ana Paula,Ana,Paula,IT,Luanda,Cash,5227,1612,0.308398699,,
4/12/2023,AMAZON.CO ,Luiz Fernando,Luiz,Fernando,Finance,Luanda,Transfer,4931,1907,0.38673697,,
8/26/2023,KERO ,Marta Silva,Marta,Silva,Finance,Luanda,Transfer,7884,842,0.106798579,,
1/20/2023,ARZAMART ,Carlos Miguel,Carlos,Miguel,Sales,Luanda,Transfer,7144,1720,0.240761478,,
5/17/2023,KERO ,Carlos Miguel,Carlos,Miguel,Sales,Luanda,Transfer,7358,1870,0.254145148,,
10/2/2024,WALMART INTL ,Luiz Fernando,Luiz,Fernando,Sales,Benguela,Transfer,3547,1958,0.552015788,,
1/2/2024,WALMART INTL ,Luiz Fernando,Luiz,Fernando,IT,Luanda,PayPal,4737,593,0.125184716,,
6/16/2023,KERO ,Marta Silva,Marta,Silva,Sales,Luanda,Cash,5069,1086,0.214243441,,
1/7/2024,ARZAMART ,Marta Silva,Marta,Silva,Logistics,Huambo,Transfer,4556,654,0.143546971,,
9/9/2022,"TESLA, INC. ",Luiz Fernando,Luiz,Fernando,Logistics,Huambo,Transfer,7563,909,0.120190401,,
2/20/2022,SHOPRITE ANGOLA ,Jose Manuel,Jose,Manuel,Sales,Benguela,Card,5993,1480,0.246954781,,
6/6/2023,WALMART INTL ,Luiz Fernando,Luiz,Fernando,Logistics,Huambo,PayPal,6839,1689,0.246965931,,
12/17/2023,NOSSO SUPERMERCADO ,Marta Silva,Marta,Silva,Sales,Benguela,Cash,3231,1301,0.402661715,,
10/21/2022,ARZAMART ,Pedro Alves,Pedro,Alves,Sales,Benguela,Cash,5551,1757,0.316519546,,
11/7/2023,ARZAMART ,Pedro Alves,Pedro,Alves,Logistics,Luanda,Cash,4360,1931,0.442889908,,
7/27/2022,"TESLA, INC. ",Pedro Alves,Pedro,Alves,Logistics,Luanda,Cash,4468,955,0.213742167,,
3/25/2022,ARZAMART ,Luiz Fernando,Luiz,Fernando,Logistics,Huambo,PayPal,3035,699,0.230313015,,
9/4/2023,ARZAMART ,Marta Silva,Marta,Silva,Logistics,Huambo,Cash,5328,1910,0.358483483,,
12/11/2023,ARZAMART ,Ana Paula,Ana,Paula,Sales,Luanda,Card,6997,878,0.12548235,,
8/9/2023,AMAZON.CO ,Carlos Miguel,Carlos,Miguel,Logistics,Luanda,Cash,3710,1772,0.477628032,,
10/9/2023,MAXI CASH ,Luiz Fernando,Luiz,Fernando,Sales,Luanda,Transfer,3022,1732,0.573130377,,
2/4/2023,"TESLA, INC. ",Carlos Miguel,Carlos,Miguel,Logistics,Huambo,Transfer,6032,734,0.12168435,,
1/22/2024,WALMART INTL ,Pedro Alves,Pedro,Alves,Logistics,Luanda,Cash,7937,1785,0.224896056,,
7/8/2023,SHOPRITE ANGOLA ,Marta Silva,Marta,Silva,IT,Luanda,Transfer,5864,1168,0.199181446,,
12/27/2022,"TESLA, INC. ",Marta Silva,Marta,Silva,Sales,Benguela,Card,5193,655,0.126131331,,
7/22/2023,MAXI CASH ,Ana Paula,Ana,Paula,IT,Luanda,Cash,5440,1627,0.299080882,,
7/24/2023,MAXI CASH ,Luiz Fernando,Luiz,Fernando,Finance,Luanda,Transfer,4656,1026,0.220360825,,
5/1/2022,WALMART INTL ,Luiz Fernando,Luiz,Fernando,IT,Luanda,Card,5531,1767,0.319472067,,
7/23/2022,MAXI CASH ,Pedro Alves,Pedro,Alves,Sales,Benguela,PayPal,4044,1688,0.417408506,,
6/4/2023,WALMART INTL ,Marta Silva,Marta,Silva,Logistics,Huambo,Transfer,5006,587,0.117259289,,
3/9/2022,AMAZON.CO ,Pedro Alves,Pedro,Alves,Finance,Luanda,Transfer,7562,740,0.09785771,,
8/14/2023,"TESLA, INC. ",Carlos Miguel,Carlos,Miguel,Logistics,Huambo,Transfer,5570,1616,0.290125673,,
9/29/2022,SHOPRITE ANGOLA ,Carlos Miguel,Carlos,Miguel,Sales,Luanda,Transfer,3593,615,0.171166156,,
11/23/2022,SHOPRITE ANGOLA ,Carlos Miguel,Carlos,Miguel,Finance,Luanda,Cash,6839,754,0.110250037,,
12/31/2022,SHOPRITE ANGOLA ,Carlos Miguel,Carlos,Miguel,Sales,Luanda,Cash,4297,1817,0.422853153,,
3/3/2023,KERO ,Luiz Fernando,Luiz,Fernando,Finance,Luanda,PayPal,4117,1999,0.485547729,,
4/18/2023,ARZAMART ,Pedro Alves,Pedro,Alves,Sales,Benguela,Card,4920,654,0.132926829,,
6/21/2022,ARZAMART ,Pedro Alves,Pedro,Alves,Logistics,Luanda,Cash,3198,1385,0.433083177,,
12/22/2023,ARZAMART ,Jose Manuel,Jose,Manuel,Sales,Luanda,Card,5263,1529,0.290518716,,
2/27/2024,SHOPRITE ANGOLA ,Pedro Alves,Pedro,Alves,IT,Luanda,Transfer,6187,1227,0.198319056,,
12/5/2022,WALMART INTL ,Carlos Miguel,Carlos,Miguel,IT,Luanda,PayPal,7977,1501,0.188165977,,
6/14/2022,ARZAMART ,Carlos Miguel,Carlos,Miguel,Sales,Benguela,PayPal,5189,818,0.157641164,,
1/21/2024,WALMART INTL ,Pedro Alves,Pedro,Alves,IT,Luanda,PayPal,3309,1525,0.460864309,,
5/16/2022,"TESLA, INC. ",Pedro Alves,Pedro,Alves,IT,Luanda,PayPal,5464,1941,0.355234261,,
5/30/2023,ARZAMART ,Marta Silva,Marta,Silva,Logistics,Huambo,Transfer,3003,1586,0.528138528,,
11/11/2023,ARZAMART ,Ana Paula,Ana,Paula,Sales,Luanda,PayPal,4134,674,0.16303822,,
1/28/2022,"TESLA, INC. ",Pedro Alves,Pedro,Alves,Sales,Luanda,PayPal,3403,750,0.22039377,,
6/16/2022,AMAZON.CO ,Pedro Alves,Pedro,Alves,Logistics,Luanda,Cash,5198,1134,0.218160831,,
2/15/2022,"TESLA, INC. ",Carlos Miguel,Carlos,Miguel,Sales,Benguela,Cash,4223,1828,0.43286763,,
8/6/2023,SHOPRITE ANGOLA ,Luiz Fernando,Luiz,Fernando,Finance,Luanda,Cash,3375,1964,0.581925926,,
11/19/2022,NOSSO SUPERMERCADO ,Carlos Miguel,Carlos,Miguel,Sales,Benguela,PayPal,6225,1703,0.273574297,,
6/30/2023,MAXI CASH ,Jose Manuel,Jose,Manuel,Sales,Benguela,Transfer,5550,1457,0.262522523,,
11/23/2023,WALMART INTL ,Jose Manuel,Jose,Manuel,Sales,Benguela,Card,7262,1637,0.225419994,,
3/6/2023,ARZAMART ,Carlos Miguel,Carlos,Miguel,Logistics,Luanda,Cash,4983,931,0.18683524,,
10/2/2024,ARZAMART ,Pedro Alves,Pedro,Alves,Finance,Luanda,PayPal,6966,517,0.074217628,,
12/27/2023,ARZAMART ,Pedro Alves,Pedro,Alves,Logistics,Luanda,Transfer,3767,1260,0.334483674,,
2/18/2022,MAXI CASH ,Marta Silva,Marta,Silva,Sales,Benguela,Cash,4348,610,0.140294388,,
3/11/2022,KERO ,Pedro Alves,Pedro,Alves,Logistics,Luanda,Transfer,3672,707,0.192538126,,
5/1/2022,ARZAMART ,Carlos Miguel,Carlos,Miguel,Sales,Luanda,Cash,5769,1207,0.209221702,,
7/7/2022,KERO ,Luiz Fernando,Luiz,Fernando,Logistics,Huambo,Cash,6235,972,0.155894146,,
9/10/2022,"TESLA, INC. ",Jose Manuel,Jose,Manuel,Logistics,Huambo,Transfer,7098,515,0.072555649,,
12/2/2022,"TESLA, INC. ",Marta Silva,Marta,Silva,Logistics,Huambo,Cash,5815,905,0.155631986,,
9/26/2023,ARZAMART ,Marta Silva,Marta,Silva,Sales,Luanda,Card,5914,1030,0.174163003,,
6/1/2022,AMAZON.CO ,Luiz Fernando,Luiz,Fernando,Finance,Luanda,Cash,3757,551,0.146659569,,
2/26/2024,KERO ,Pedro Alves,Pedro,Alves,Finance,Luanda,Transfer,5854,1613,0.275538094,,
8/29/2023,NOSSO SUPERMERCADO ,Ana Paula,Ana,Paula,IT,Luanda,Transfer,5679,1898,0.33421377,,
8/2/2022,SHOPRITE ANGOLA ,Jose Manuel,Jose,Manuel,Sales,Benguela,Cash,5546,711,0.128200505,,
7/3/2023,ARZAMART ,Jose Manuel,Jose,Manuel,Sales,Benguela,Card,4063,1229,0.302485848,,
12/4/2023,NOSSO SUPERMERCADO ,Pedro Alves,Pedro,Alves,Logistics,Luanda,Transfer,3542,1174,0.331451158,,
1/28/2022,WALMART INTL ,Ana Paula,Ana,Paula,Logistics,Huambo,PayPal,7110,640,0.090014065,,
4/8/2022,ARZAMART ,Marta Silva,Marta,Silva,Logistics,Huambo,Cash,6327,696,0.110004742,,
2/16/2023,SHOPRITE ANGOLA ,Luiz Fernando,Luiz,Fernando,Sales,Benguela,Transfer,4680,1368,0.292307692,,
2/21/2024,NOSSO SUPERMERCADO ,Luiz Fernando,Luiz,Fernando,Logistics,Huambo,Card,6517,541,0.083013657,,
1/29/2022,AMAZON.CO ,Jose Manuel,Jose,Manuel,Logistics,Huambo,Cash,3731,700,0.187617261,,
1/10/2022,WALMART INTL ,Marta Silva,Marta,Silva,Logistics,Luanda,Transfer,4341,1316,0.303155955,,
12/10/2022,AMAZON.CO ,Pedro Alves,Pedro,Alves,Finance,Luanda,Card,6239,765,0.122615804,,
9/9/2023,MAXI CASH ,Marta Silva,Marta,Silva,Logistics,Luanda,Card,7888,1487,0.188514199,,
4/11/2022,"TESLA, INC. ",Pedro Alves,Pedro,Alves,Logistics,Huambo,Cash,5000,1544,0.3088,,
2/20/2023,AMAZON.CO ,Pedro Alves,Pedro,Alves,Logistics,Luanda,Cash,4491,1361,0.303050546,,
7/6/2023,ARZAMART ,Marta Silva,Marta,Silva,IT,Luanda,Cash,7565,844,0.111566424,,
10/2/2022,KERO ,Marta Silva,Marta,Silva,Finance,Luanda,Transfer,5526,728,0.131740861,,
2/5/2022,"TESLA, INC. ",Marta Silva,Marta,Silva,Sales,Benguela,Card,7532,929,0.123340414,,
11/2/2022,AMAZON.CO ,Carlos Miguel,Carlos,Miguel,Sales,Benguela,Card,4437,1315,0.296371422,,
2/3/2022,"TESLA, INC. ",Luiz Fernando,Luiz,Fernando,Finance,Luanda,Transfer,3217,1770,0.550202052,,
2/22/2024,"TESLA, INC. ",Luiz Fernando,Luiz,Fernando,Finance,Luanda,Card,3048,701,0.229986877,,
6/14/2022,"TESLA, INC. ",Luiz Fernando,Luiz,Fernando,IT,Luanda,Card,5507,1925,0.349555112,,
11/12/2023,SHOPRITE ANGOLA ,Ana Paula,Ana,Paula,Finance,Luanda,Card,6995,1538,0.219871337,,
5/22/2022,KERO ,Pedro Alves,Pedro,Alves,Logistics,Huambo,PayPal,7899,1077,0.136346373,,
4/16/2022,KERO ,Luiz Fernando,Luiz,Fernando,IT,Luanda,Cash,4448,1505,0.338354317,,
9/5/2023,MAXI CASH ,Luiz Fernando,Luiz,Fernando,Sales,Luanda,PayPal,5899,793,0.134429564,,
2/20/2024,SHOPRITE ANGOLA ,Pedro Alves,Pedro,Alves,Sales,Luanda,Transfer,3909,1574,0.402660527,,
1/21/2023,SHOPRITE ANGOLA ,Jose Manuel,Jose,Manuel,Logistics,Luanda,PayPal,6049,1017,0.168126963,,
9/20/2023,SHOPRITE ANGOLA ,Marta Silva,Marta,Silva,IT,Luanda,Transfer,5293,903,0.170602683,,
2/10/2023,WALMART INTL ,Carlos Miguel,Carlos,Miguel,Logistics,Luanda,Cash,5598,702,0.125401929,,
3/16/2023,KERO ,Ana Paula,Ana,Paula,Logistics,Luanda,PayPal,6176,1338,0.216645078,,
9/24/2023,"TESLA, INC. ",Ana Paula,Ana,Paula,Logistics,Huambo,Card,5415,1978,0.365281625,,
2/17/2023,KERO ,Pedro Alves,Pedro,Alves,IT,Luanda,Card,6665,1190,0.178544636,,
12/12/2022,SHOPRITE ANGOLA ,Pedro Alves,Pedro,Alves,Sales,Luanda,PayPal,5922,1469,0.248058088,,
2/22/2022,KERO ,Pedro Alves,Pedro,Alves,Sales,Luanda,Card,7007,1098,0.156700442,,
6/2/2023,WALMART INTL ,Pedro Alves,Pedro,Alves,Finance,Luanda,PayPal,7917,1059,0.133762789,,
5/31/2022,SHOPRITE ANGOLA ,Luiz Fernando,Luiz,Fernando,Sales,Benguela,PayPal,5389,1598,0.296529968,,
11/6/2022,"TESLA, INC. ",Marta Silva,Marta,Silva,Sales,Benguela,Card,7976,975,0.122241725,,
8/13/2022,WALMART INTL ,Marta Silva,Marta,Silva,Sales,Luanda,Cash,6606,1404,0.21253406,,
7/9/2023,WALMART INTL ,Luiz Fernando,Luiz,Fernando,Logistics,Luanda,Card,5110,1966,0.384735812,,
3/18/2023,WALMART INTL ,Ana Paula,Ana,Paula,Logistics,Huambo,Transfer,5449,985,0.180767113,,
7/23/2023,MAXI CASH ,Carlos Miguel,Carlos,Miguel,Sales,Luanda,Cash,5652,1925,0.340587403,,
1/29/2024,AMAZON.CO ,Pedro Alves,Pedro,Alves,Finance,Luanda,Cash,6285,1569,0.249642005,,
9/6/2022,MAXI CASH ,Luiz Fernando,Luiz,Fernando,Logistics,Luanda,Card,6489,1272,0.196024041,,
1/18/2024,KERO ,Carlos Miguel,Carlos,Miguel,Sales,Luanda,Transfer,5440,1862,0.342279412,,
9/25/2022,NOSSO SUPERMERCADO ,Carlos Miguel,Carlos,Miguel,Sales,Benguela,Cash,4914,541,0.11009361,,
3/5/2022,"TESLA, INC. ",Ana Paula,Ana,Paula,Sales,Luanda,Cash,7224,849,0.117524917,,
3/21/2023,SHOPRITE ANGOLA ,Ana Paula,Ana,Paula,Sales,Luanda,PayPal,4699,845,0.179825495,,
7/30/2023,"TESLA, INC. ",Ana Paula,Ana,Paula,Sales,Luanda,Card,4418,969,0.219330014,,
12/11/2023,MAXI CASH ,Marta Silva,Marta,Silva,Sales,Benguela,Transfer,3894,1037,0.266307139,,
11/6/2022,NOSSO SUPERMERCADO ,Ana Paula,Ana,Paula,Logistics,Luanda,Transfer,3746,1022,0.272824346,,
8/27/2022,ARZAMART ,Marta Silva,Marta,Silva,IT,Luanda,PayPal,6694,677,0.101135345,,
6/6/2023,ARZAMART ,Carlos Miguel,Carlos,Miguel,Sales,Luanda,Card,3913,1654,0.422693585,,
10/22/2023,ARZAMART ,Luiz Fernando,Luiz,Fernando,Finance,Luanda,Transfer,4349,1171,0.269257301,,
8/30/2023,AMAZON.CO ,Marta Silva,Marta,Silva,Finance,Luanda,Cash,6545,1615,0.246753247,,
12/12/2023,AMAZON.CO ,Ana Paula,Ana,Paula,IT,Luanda,Cash,5628,1321,0.234719261,,
1/4/2023,WALMART INTL ,Luiz Fernando,Luiz,Fernando,Sales,Benguela,Card,7994,1373,0.171753815,,
9/21/2022,SHOPRITE ANGOLA ,Luiz Fernando,Luiz,Fernando,Sales,Luanda,Transfer,7950,1976,0.248553459,,
8/12/2023,SHOPRITE ANGOLA ,Ana Paula,Ana,Paula,Sales,Luanda,Transfer,4068,1760,0.432645034,,
1/21/2024,NOSSO SUPERMERCADO ,Ana Paula,Ana,Paula,Sales,Luanda,Cash,7973,1132,0.14197918,,
6/23/2022,MAXI CASH ,Carlos Miguel,Carlos,Miguel,Sales,Luanda,Card,5849,635,0.108565567,,
10/18/2023,KERO ,Jose Manuel,Jose,Manuel,Sales,Luanda,Transfer,4020,702,0.174626866,,
4/14/2022,"TESLA, INC. ",Marta Silva,Marta,Silva,Logistics,Luanda,Transfer,6185,1691,0.273403395,,
2/26/2022,ARZAMART ,Carlos Miguel,Carlos,Miguel,Sales,Benguela,PayPal,7915,869,0.109791535,,
2/28/2024,AMAZON.CO ,Jose Manuel,Jose,Manuel,Logistics,Huambo,Transfer,3870,660,0.170542636,,
8/10/2023,NOSSO SUPERMERCADO ,Luiz Fernando,Luiz,Fernando,Logistics,Luanda,Card,5771,1955,0.338762779,,
12/24/2023,KERO ,Carlos Miguel,Carlos,Miguel,Sales,Luanda,PayPal,5218,1853,0.355116903,,
2/2/2024,MAXI CASH ,Ana Paula,Ana,Paula,Logistics,Luanda,PayPal,3106,1979,0.637153896,,
7/10/2022,KERO ,Ana Paula,Ana,Paula,Logistics,Huambo,PayPal,3524,1678,0.476163451,,
12/25/2023,ARZAMART ,Luiz Fernando,Luiz,Fernando,Sales,Benguela,PayPal,4357,1544,0.354372275,,
10/30/2023,KERO ,Jose Manuel,Jose,Manuel,Logistics,Luanda,Cash,7677,1311,0.170769832,,
6/9/2022,NOSSO SUPERMERCADO ,Carlos Miguel,Carlos,Miguel,Sales,Benguela,PayPal,5805,1905,0.328165375,,
7/23/2023,AMAZON.CO ,Marta Silva,Marta,Silva,Finance,Luanda,Cash,3287,1654,0.503194402,,
2/27/2022,KERO ,Carlos Miguel,Carlos,Miguel,Logistics,Huambo,Cash,5169,1296,0.250725479,,
6/18/2023,MAXI CASH ,Marta Silva,Marta,Silva,Sales,Luanda,PayPal,3494,1414,0.404693761,,
12/2/2022,SHOPRITE ANGOLA ,Carlos Miguel,Carlos,Miguel,Finance,Luanda,Transfer,5574,1094,0.196268389,,
5/17/2022,MAXI CASH ,Carlos Miguel,Carlos,Miguel,Sales,Luanda,Cash,7016,1895,0.270096921,,
3/23/2022,SHOPRITE ANGOLA ,Luiz Fernando,Luiz,Fernando,Logistics,Huambo,Cash,6142,1431,0.232985998,,
5/27/2023,KERO ,Luiz Fernando,Luiz,Fernando,Logistics,Huambo,Cash,5017,562,0.112019135,,
7/15/2023,"TESLA, INC. ",Carlos Miguel,Carlos,Miguel,Sales,Luanda,Cash,3972,933,0.23489426,,
3/16/2023,NOSSO SUPERMERCADO ,Jose Manuel,Jose,Manuel,Sales,Benguela,Cash,5648,1460,0.258498584,,
12/21/2023,KERO ,Marta Silva,Marta,Silva,Logistics,Huambo,Cash,3167,1796,0.5670982,,
9/10/2023,NOSSO SUPERMERCADO ,Ana Paula,Ana,Paula,Logistics,Huambo,PayPal,6697,1219,0.182021801,,
5/28/2023,SHOPRITE ANGOLA ,Pedro Alves,Pedro,Alves,Sales,Benguela,PayPal,3423,1523,0.444931347,,
10/25/2022,ARZAMART ,Pedro Alves,Pedro,Alves,Sales,Luanda,PayPal,5191,895,0.172413793,,
12/15/2022,"TESLA, INC. ",Carlos Miguel,Carlos,Miguel,Sales,Luanda,Card,3525,956,0.271205674,,
7/4/2023,WALMART INTL ,Jose Manuel,Jose,Manuel,Sales,Benguela,Transfer,5149,1982,0.384929112,,
11/4/2022,AMAZON.CO ,Luiz Fernando,Luiz,Fernando,Sales,Luanda,Cash,5055,911,0.180217606,,
12/22/2023,KERO ,Carlos Miguel,Carlos,Miguel,IT,Luanda,Transfer,7676,1813,0.236190724,,
8/5/2022,SHOPRITE ANGOLA ,Ana Paula,Ana,Paula,Logistics,Huambo,Cash,7356,851,0.115687874,,
10/6/2023,NOSSO SUPERMERCADO ,Marta Silva,Marta,Silva,Logistics,Huambo,Cash,5841,1421,0.24328026,,
2/27/2022,AMAZON.CO ,Ana Paula,Ana,Paula,Sales,Luanda,Cash,4097,1426,0.348059556,,
2/6/2023,ARZAMART ,Carlos Miguel,Carlos,Miguel,Logistics,Luanda,Card,6697,1083,0.1617142,,
6/21/2022,"TESLA, INC. ",Carlos Miguel,Carlos,Miguel,Sales,Benguela,Transfer,3882,805,0.207367336,,
3/13/2023,MAXI CASH ,Pedro Alves,Pedro,Alves,Finance,Luanda,Transfer,3939,1084,0.27519675,,
5/5/2022,ARZAMART ,Pedro Alves,Pedro,Alves,IT,Luanda,PayPal,4651,1810,0.389163621,,
10/12/2022,MAXI CASH ,Carlos Miguel,Carlos,Miguel,Sales,Benguela,Card,7111,1200,0.168752637,,
2/17/2022,NOSSO SUPERMERCADO ,Marta Silva,Marta,Silva,IT,Luanda,Card,6856,898,0.130980163,,
8/28/2023,KERO ,Carlos Miguel,Carlos,Miguel,Sales,Benguela,Card,3895,1037,0.266238768,,
10/2/2024,WALMART INTL ,Jose Manuel,Jose,Manuel,Sales,Luanda,Transfer,6540,1551,0.237155963,,
12/6/2023,"TESLA, INC. ",Jose Manuel,Jose,Manuel,Logistics,Huambo,Cash,7077,1315,0.185813198,,
7/18/2022,NOSSO SUPERMERCADO ,Carlos Miguel,Carlos,Miguel,Logistics,Luanda,Card,5872,841,0.143222071,,
7/8/2023,WALMART INTL ,Ana Paula,Ana,Paula,Logistics,Huambo,Card,5854,596,0.101810728,,
9/17/2023,"TESLA, INC. ",Carlos Miguel,Carlos,Miguel,Sales,Benguela,Card,7705,1664,0.21596366,,
12/8/2022,KERO ,Marta Silva,Marta,Silva,Finance,Luanda,PayPal,4759,1948,0.409329691,,
10/14/2023,AMAZON.CO ,Jose Manuel,Jose,Manuel,Sales,Benguela,PayPal,5550,1427,0.257117117,,
1/18/2023,NOSSO SUPERMERCADO ,Pedro Alves,Pedro,Alves,IT,Luanda,Card,7502,674,0.089842709,,
7/5/2022,WALMART INTL ,Luiz Fernando,Luiz,Fernando,IT,Luanda,Cash,3613,828,0.229172433,,
10/25/2022,WALMART INTL ,Marta Silva,Marta,Silva,Finance,Luanda,Cash,6471,976,0.150826766,,
2/15/2023,"TESLA, INC. ",Ana Paula,Ana,Paula,Sales,Benguela,Card,6067,1391,0.229273117,,
9/25/2023,KERO ,Marta Silva,Marta,Silva,Logistics,Huambo,Card,5528,1346,0.243487699,,
10/20/2022,AMAZON.CO ,Carlos Miguel,Carlos,Miguel,IT,Luanda,Transfer,3069,1454,0.473769958,,
3/5/2022,NOSSO SUPERMERCADO ,Pedro Alves,Pedro,Alves,Sales,Benguela,Transfer,5123,1673,0.326566465,,
9/12/2023,MAXI CASH ,Carlos Miguel,Carlos,Miguel,IT,Luanda,Cash,3118,1220,0.391276459,,
11/1/2022,KERO ,Jose Manuel,Jose,Manuel,Logistics,Huambo,Card,7199,1721,0.239060981,,
5/29/2022,SHOPRITE ANGOLA ,Marta Silva,Marta,Silva,Sales,Benguela,Transfer,5562,1027,0.184645811,,
12/1/2024,AMAZON.CO ,Pedro Alves,Pedro,Alves,Finance,Luanda,Cash,5928,1294,0.2182861,,
11/30/2023,WALMART INTL ,Carlos Miguel,Carlos,Miguel,Logistics,Luanda,Cash,5387,1006,0.18674587,,
3/21/2022,ARZAMART ,Ana Paula,Ana,Paula,Logistics,Huambo,PayPal,6183,1449,0.234352256,,
9/29/2022,MAXI CASH ,Jose Manuel,Jose,Manuel,Logistics,Huambo,Cash,5085,809,0.159095379,,
4/8/2023,NOSSO SUPERMERCADO ,Marta Silva,Marta,Silva,Finance,Luanda,PayPal,5219,1315,0.251963978,,
2/4/2022,KERO ,Luiz Fernando,Luiz,Fernando,Sales,Luanda,Cash,7859,1911,0.243160707,,
1/21/2023,NOSSO SUPERMERCADO ,Ana Paula,Ana,Paula,Sales,Benguela,PayPal,4219,560,0.132732875,,
4/13/2023,"TESLA, INC. ",Luiz Fernando,Luiz,Fernando,Logistics,Huambo,PayPal,4092,1090,0.266373412,,
7/1/2023,MAXI CASH ,Carlos Miguel,Carlos,Miguel,IT,Luanda,Cash,5975,1044,0.174728033,,
6/18/2023,NOSSO SUPERMERCADO ,Pedro Alves,Pedro,Alves,Finance,Luanda,Transfer,5448,1004,0.184287812,,
3/10/2024,WALMART INTL ,Ana Paula,Ana,Paula,Logistics,Luanda,Card,4998,1518,0.303721489,,
9/25/2022,"TESLA, INC. ",Ana Paula,Ana,Paula,Sales,Benguela,PayPal,7131,1686,0.236432478,,
2/1/2024,WALMART INTL ,Ana Paula,Ana,Paula,Sales,Luanda,Card,6850,577,0.084233577,,
6/14/2022,WALMART INTL ,Marta Silva,Marta,Silva,Sales,Luanda,Cash,4823,1727,0.358075886,,
12/15/2022,MAXI CASH ,Pedro Alves,Pedro,Alves,Finance,Luanda,Cash,4232,986,0.232986767,,
5/28/2022,ARZAMART ,Carlos Miguel,Carlos,Miguel,Finance,Luanda,Transfer,7641,1060,0.138725298,,
7/21/2022,AMAZON.CO ,Pedro Alves,Pedro,Alves,Sales,Luanda,Cash,3333,618,0.185418542,,
3/30/2023,AMAZON.CO ,Ana Paula,Ana,Paula,IT,Luanda,Cash,4100,1091,0.266097561,,
8/2/2022,ARZAMART ,Jose Manuel,Jose,Manuel,Sales,Benguela,Transfer,3553,622,0.175063327,,
4/24/2023,"TESLA, INC. ",Carlos Miguel,Carlos,Miguel,Finance,Luanda,Transfer,7085,1954,0.275793931,,
8/12/2022,KERO ,Ana Paula,Ana,Paula,Sales,Luanda,Transfer,5762,1604,0.278375564,,
8/7/2023,SHOPRITE ANGOLA ,Luiz Fernando,Luiz,Fernando,Finance,Luanda,Cash,4194,869,0.207200763,,
9/1/2022,WALMART INTL ,Ana Paula,Ana,Paula,Finance,Luanda,Transfer,4964,722,0.14544722,,
3/17/2023,WALMART INTL ,Jose Manuel,Jose,Manuel,Sales,Luanda,Card,6234,1422,0.228103946,,
3/2/2023,KERO ,Pedro Alves,Pedro,Alves,Logistics,Luanda,Cash,6318,1023,0.161918329,,
9/7/2023,"TESLA, INC. ",Marta Silva,Marta,Silva,Finance,Luanda,Transfer,6299,1665,0.264327671,,
1/22/2022,NOSSO SUPERMERCADO ,Jose Manuel,Jose,Manuel,Sales,Luanda,PayPal,5627,606,0.107695042,,
3/11/2022,SHOPRITE ANGOLA ,Marta Silva,Marta,Silva,Logistics,Huambo,PayPal,3091,1200,0.388223876,,
3/17/2023,KERO ,Pedro Alves,Pedro,Alves,Logistics,Luanda,Card,7110,1266,0.178059072,,
3/7/2023,NOSSO SUPERMERCADO ,Carlos Miguel,Carlos,Miguel,Logistics,Huambo,Cash,7050,1932,0.274042553,,
9/6/2022,WALMART INTL ,Marta Silva,Marta,Silva,Sales,Benguela,Card,4633,1257,0.271314483,,
11/9/2022,AMAZON.CO ,Pedro Alves,Pedro,Alves,Logistics,Huambo,Cash,4795,809,0.168717414,,
1/28/2024,ARZAMART ,Carlos Miguel,Carlos,Miguel,IT,Luanda,Transfer,5309,868,0.16349595,,
3/6/2023,"TESLA, INC. ",Ana Paula,Ana,Paula,IT,Luanda,Card,4600,1769,0.384565217,,
12/12/2023,"TESLA, INC. ",Ana Paula,Ana,Paula,Sales,Benguela,Card,7919,1773,0.223891906,,
1/19/2023,MAXI CASH ,Luiz Fernando,Luiz,Fernando,Logistics,Luanda,Card,5614,1356,0.24153901,,
8/9/2022,MAXI CASH ,Luiz Fernando,Luiz,Fernando,Logistics,Luanda,Cash,7623,917,0.120293848,,
3/27/2022,MAXI CASH ,Luiz Fernando,Luiz,Fernando,Logistics,Luanda,PayPal,6318,1856,0.293763849,,
9/4/2022,"TESLA, INC. ",Carlos Miguel,Carlos,Miguel,Logistics,Huambo,Card,5328,1319,0.24756006,,
10/3/2023,SHOPRITE ANGOLA ,Luiz Fernando,Luiz,Fernando,Logistics,Luanda,Transfer,3573,1504,0.420934789,,
12/6/2023,"TESLA, INC. ",Carlos Miguel,Carlos,Miguel,Sales,Benguela,Card,7883,1743,0.221108715,,
8/11/2023,AMAZON.CO ,Luiz Fernando,Luiz,Fernando,Logistics,Luanda,PayPal,4714,1290,0.273652949,,
6/22/2023,NOSSO SUPERMERCADO ,Marta Silva,Marta,Silva,Sales,Benguela,PayPal,5455,590,0.108157654,,
7/28/2022,NOSSO SUPERMERCADO ,Jose Manuel,Jose,Manuel,Logistics,Huambo,Card,6550,1049,0.160152672,,
7/17/2022,"TESLA, INC. ",Ana Paula,Ana,Paula,Logistics,Huambo,Cash,4800,1483,0.308958333,,
12/11/2022,KERO ,Ana Paula,Ana,Paula,IT,Luanda,PayPal,7202,1120,0.155512358,,
9/10/2023,"TESLA, INC. ",Marta Silva,Marta,Silva,Finance,Luanda,Transfer,5488,1180,0.215014577,,
1/27/2023,KERO ,Luiz Fernando,Luiz,Fernando,IT,Luanda,Cash,6439,1905,0.295853393,,
4/15/2022,KERO ,Jose Manuel,Jose,Manuel,Logistics,Luanda,Transfer,3263,1324,0.405761569,,
5/28/2023,SHOPRITE ANGOLA ,Pedro Alves,Pedro,Alves,Logistics,Huambo,PayPal,3111,785,0.25233044,,
3/3/2023,"TESLA, INC. ",Luiz Fernando,Luiz,Fernando,Logistics,Luanda,PayPal,3246,1999,0.615834874,,
1/3/2022,"TESLA, INC. ",Jose Manuel,Jose,Manuel,Sales,Luanda,Card,6686,864,0.129225247,,
5/11/2023,SHOPRITE ANGOLA ,Marta Silva,Marta,Silva,Logistics,Luanda,Cash,6410,1212,0.189079563,,
2/13/2024,KERO ,Marta Silva,Marta,Silva,Sales,Luanda,Card,5504,1240,0.225290698,,
5/18/2022,AMAZON.CO ,Jose Manuel,Jose,Manuel,Finance,Luanda,Cash,7667,1724,0.224859789,,
5/28/2022,MAXI CASH ,Marta Silva,Marta,Silva,Sales,Luanda,Card,6824,1371,0.200908558,,
6/5/2023,AMAZON.CO ,Ana Paula,Ana,Paula,Logistics,Huambo,PayPal,4367,1829,0.418822991,,
4/22/2023,SHOPRITE ANGOLA ,Pedro Alves,Pedro,Alves,Logistics,Huambo,PayPal,3631,1621,0.446433489,,
11/30/2023,"TESLA, INC. ",Ana Paula,Ana,Paula,Logistics,Huambo,Transfer,4808,1522,0.31655574,,
6/9/2022,ARZAMART ,Luiz Fernando,Luiz,Fernando,Finance,Luanda,Transfer,6775,658,0.097121771,,
12/2/2022,ARZAMART ,Jose Manuel,Jose,Manuel,Finance,Luanda,Card,7321,847,0.115694577,,
10/11/2022,MAXI CASH ,Marta Silva,Marta,Silva,IT,Luanda,Card,5928,611,0.103070175,,
4/21/2022,MAXI CASH ,Ana Paula,Ana,Paula,Logistics,Huambo,Transfer,6498,1646,0.25330871,,
2/13/2024,AMAZON.CO ,Ana Paula,Ana,Paula,Logistics,Luanda,PayPal,7142,1494,0.209185102,,
11/11/2023,"TESLA, INC. ",Luiz Fernando,Luiz,Fernando,Logistics,Huambo,PayPal,6116,692,0.113145847,,
5/25/2022,MAXI CASH ,Pedro Alves,Pedro,Alves,Sales,Luanda,Card,3337,1717,0.514534013,,
10/3/2022,"TESLA, INC. ",Marta Silva,Marta,Silva,Sales,Luanda,Cash,3558,1342,0.37717819,,
3/4/2022,MAXI CASH ,Marta Silva,Marta,Silva,Logistics,Huambo,Card,7115,1466,0.20604357,,
8/16/2023,MAXI CASH ,Jose Manuel,Jose,Manuel,IT,Luanda,Transfer,3169,780,0.246134427,,
6/7/2022,WALMART INTL ,Pedro Alves,Pedro,Alves,Logistics,Luanda,PayPal,6221,1737,0.27921556,,
5/7/2022,KERO ,Marta Silva,Marta,Silva,Logistics,Huambo,Cash,5145,561,0.109037901,,
8/16/2022,"TESLA, INC. ",Luiz Fernando,Luiz,Fernando,Logistics,Huambo,Cash,3617,725,0.200442356,,
1/2/2024,NOSSO SUPERMERCADO ,Pedro Alves,Pedro,Alves,Logistics,Huambo,Transfer,5080,1784,0.351181102,,
1/2/2023,NOSSO SUPERMERCADO ,Luiz Fernando,Luiz,Fernando,Sales,Luanda,PayPal,6449,1044,0.161885564,,
12/15/2023,ARZAMART ,Luiz Fernando,Luiz,Fernando,Logistics,Luanda,Transfer,4246,718,0.16910033,,
4/16/2022,ARZAMART ,Marta Silva,Marta,Silva,Finance,Luanda,Transfer,3898,1108,0.284248332,,
12/5/2022,NOSSO SUPERMERCADO ,Pedro Alves,Pedro,Alves,IT,Luanda,PayPal,4485,1512,0.337123746,,
6/25/2022,KERO ,Ana Paula,Ana,Paula,Finance,Luanda,Transfer,7247,1960,0.270456741,,
5/15/2023,ARZAMART ,Marta Silva,Marta,Silva,Finance,Luanda,PayPal,6349,1052,0.165695385,,
5/1/2022,MAXI CASH ,Jose Manuel,Jose,Manuel,Logistics,Luanda,Card,6903,1065,0.154280748,,
7/28/2022,NOSSO SUPERMERCADO ,Ana Paula,Ana,Paula,Logistics,Huambo,Card,4217,538,0.127578848,,
12/21/2022,ARZAMART ,Ana Paula,Ana,Paula,IT,Luanda,Cash,7484,782,0.104489578,,
5/6/2023,ARZAMART ,Carlos Miguel,Carlos,Miguel,Sales,Benguela,Card,7422,1655,0.222985718,,
11/5/2022,KERO ,Jose Manuel,Jose,Manuel,Sales,Luanda,PayPal,5275,533,0.101042654,,
11/29/2023,AMAZON.CO ,Jose Manuel,Jose,Manuel,Sales,Benguela,Cash,6054,772,0.127518996,,
10/2/2023,"TESLA, INC. ",Marta Silva,Marta,Silva,Logistics,Huambo,Cash,4914,948,0.192918193,,
11/18/2023,AMAZON.CO ,Marta Silva,Marta,Silva,Sales,Luanda,Transfer,5326,1390,0.260983853,,
2/16/2024,MAXI CASH ,Luiz Fernando,Luiz,Fernando,Logistics,Luanda,PayPal,4891,730,0.149253731,,
2/5/2023,WALMART INTL ,Jose Manuel,Jose,Manuel,Logistics,Huambo,Card,5089,1679,0.329927294,,
1/8/2024,NOSSO SUPERMERCADO ,Carlos Miguel,Carlos,Miguel,Logistics,Huambo,PayPal,6470,1602,0.247604328,,
6/22/2022,ARZAMART ,Ana Paula,Ana,Paula,Sales,Benguela,Transfer,7463,795,0.106525526,,
8/28/2022,"TESLA, INC. ",Ana Paula,Ana,Paula,Finance,Luanda,PayPal,6712,1537,0.228992849,,
5/24/2023,AMAZON.CO ,Jose Manuel,Jose,Manuel,Sales,Benguela,Transfer,7297,1067,0.146224476,,
11/18/2023,SHOPRITE ANGOLA ,Luiz Fernando,Luiz,Fernando,Sales,Benguela,Transfer,3468,1301,0.375144175,,
10/15/2023,WALMART INTL ,Marta Silva,Marta,Silva,Sales,Luanda,PayPal,4116,1768,0.429543246,,
12/30/2023,"TESLA, INC. ",Ana Paula,Ana,Paula,IT,Luanda,PayPal,5961,651,0.109209864,,
2/18/2024,"TESLA, INC. ",Marta Silva,Marta,Silva,Logistics,Luanda,Cash,4339,591,0.136206499,,
2/25/2023,WALMART INTL ,Pedro Alves,Pedro,Alves,Logistics,Huambo,Card,5526,1946,0.352153456,,
10/7/2022,NOSSO SUPERMERCADO ,Luiz Fernando,Luiz,Fernando,IT,Luanda,Cash,7897,1062,0.134481449,,
7/17/2022,ARZAMART ,Jose Manuel,Jose,Manuel,Finance,Luanda,Card,6030,1540,0.255389718,,
4/26/2023,MAXI CASH ,Ana Paula,Ana,Paula,IT,Luanda,PayPal,5492,1933,0.351966497,,
5/6/2023,WALMART INTL ,Luiz Fernando,Luiz,Fernando,Logistics,Huambo,Card,6691,1895,0.283216261,,
6/21/2022,SHOPRITE ANGOLA ,Pedro Alves,Pedro,Alves,Logistics,Luanda,Card,3152,1248,0.395939086,,
10/31/2022,MAXI CASH ,Ana Paula,Ana,Paula,Sales,Luanda,Card,7146,958,0.134061013,,
8/3/2022,MAXI CASH ,Carlos Miguel,Carlos,Miguel,Logistics,Luanda,Cash,3016,987,0.327254642,,
8/29/2022,ARZAMART ,Pedro Alves,Pedro,Alves,Sales,Luanda,PayPal,5423,1999,0.368615158,,
7/20/2023,WALMART INTL ,Jose Manuel,Jose,Manuel,Logistics,Luanda,Card,4959,1338,0.269812462,,
8/25/2023,NOSSO SUPERMERCADO ,Pedro Alves,Pedro,Alves,IT,Luanda,Transfer,4951,1027,0.207432842,,
8/13/2022,MAXI CASH ,Pedro Alves,Pedro,Alves,Logistics,Luanda,Transfer,4369,907,0.207598993,,
6/26/2023,WALMART INTL ,Ana Paula,Ana,Paula,IT,Luanda,Cash,5769,847,0.146819206,,
10/10/2022,NOSSO SUPERMERCADO ,Ana Paula,Ana,Paula,Logistics,Huambo,Cash,7450,732,0.098255034,,
8/20/2023,NOSSO SUPERMERCADO ,Ana Paula,Ana,Paula,Logistics,Luanda,Transfer,5534,659,0.119082038,,
1/13/2022,MAXI CASH ,Jose Manuel,Jose,Manuel,Logistics,Huambo,Cash,7597,1012,0.133210478,,
7/6/2023,KERO ,Pedro Alves,Pedro,Alves,Logistics,Huambo,PayPal,4319,1936,0.44825191,,
2/2/2023,MAXI CASH ,Luiz Fernando,Luiz,Fernando,Logistics,Luanda,Card,5213,1323,0.253788605,,
4/5/2022,ARZAMART ,Pedro Alves,Pedro,Alves,Sales,Luanda,Transfer,5434,928,0.170776592,,
6/17/2023,AMAZON.CO ,Marta Silva,Marta,Silva,Logistics,Huambo,Transfer,3343,930,0.27819324,,
9/11/2023,WALMART INTL ,Pedro Alves,Pedro,Alves,Finance,Luanda,Card,4546,1399,0.307743071,,
3/19/2022,MAXI CASH ,Carlos Miguel,Carlos,Miguel,Sales,Luanda,PayPal,4104,1668,0.406432749,,
6/10/2022,NOSSO SUPERMERCADO ,Jose Manuel,Jose,Manuel,Logistics,Luanda,Transfer,6265,556,0.088747007,,
10/23/2023,WALMART INTL ,Jose Manuel,Jose,Manuel,Logistics,Luanda,Card,4864,822,0.168996711,,
2/3/2023,AMAZON.CO ,Ana Paula,Ana,Paula,Logistics,Luanda,Card,4875,1975,0.405128205,,
7/9/2023,WALMART INTL ,Marta Silva,Marta,Silva,Sales,Benguela,PayPal,5132,1731,0.337295401,,
9/13/2023,"TESLA, INC. ",Ana Paula,Ana,Paula,Sales,Luanda,Cash,5955,1774,0.297900924,,
9/30/2022,"TESLA, INC. ",Jose Manuel,Jose,Manuel,Logistics,Luanda,Transfer,4437,779,0.175569078,,
5/18/2023,WALMART INTL ,Carlos Miguel,Carlos,Miguel,Sales,Luanda,PayPal,7956,1657,0.208270488,,
7/29/2022,NOSSO SUPERMERCADO ,Jose Manuel,Jose,Manuel,Logistics,Huambo,Transfer,5504,1426,0.259084302,,
3/12/2023,NOSSO SUPERMERCADO ,Ana Paula,Ana,Paula,Logistics,Huambo,Cash,5949,1412,0.237350815,,
4/18/2022,AMAZON.CO ,Luiz Fernando,Luiz,Fernando,Logistics,Luanda,Card,3161,1027,0.324897184,,
11/26/2023,WALMART INTL ,Marta Silva,Marta,Silva,Sales,Benguela,Cash,3189,1063,0.333333333,,
9/13/2022,AMAZON.CO ,Marta Silva,Marta,Silva,Sales,Benguela,Cash,5876,897,0.152654867,,
1/28/2022,KERO ,Pedro Alves,Pedro,Alves,Sales,Luanda,Card,6074,1986,0.326967402,,
6/17/2022,SHOPRITE ANGOLA ,Ana Paula,Ana,Paula,Logistics,Luanda,PayPal,5554,711,0.128015844,,
12/23/2022,KERO ,Ana Paula,Ana,Paula,Sales,Benguela,Cash,5017,934,0.186167032,,
1/5/2023,ARZAMART ,Luiz Fernando,Luiz,Fernando,Logistics,Luanda,Transfer,6565,823,0.125361767,,
7/27/2023,KERO ,Jose Manuel,Jose,Manuel,Sales,Benguela,Transfer,5513,1994,0.36169055,,
1/30/2024,KERO ,Jose Manuel,Jose,Manuel,Logistics,Luanda,Transfer,7800,1403,0.179871795,,
6/5/2022,MAXI CASH ,Luiz Fernando,Luiz,Fernando,Finance,Luanda,PayPal,6464,726,0.112314356,,
8/28/2022,"TESLA, INC. ",Carlos Miguel,Carlos,Miguel,Logistics,Huambo,PayPal,3405,1345,0.395007342,,
2/23/2023,AMAZON.CO ,Ana Paula,Ana,Paula,Sales,Luanda,PayPal,6085,1527,0.250944947,,
6/22/2022,KERO ,Marta Silva,Marta,Silva,Logistics,Huambo,Cash,6750,758,0.112296296,,
10/12/2023,KERO ,Jose Manuel,Jose,Manuel,Logistics,Huambo,Card,5472,1762,0.322002924,,
1/12/2023,AMAZON.CO ,Luiz Fernando,Luiz,Fernando,Logistics,Huambo,Cash,7579,1362,0.179707085,,
3/23/2023,KERO ,Jose Manuel,Jose,Manuel,Sales,Benguela,Cash,3945,540,0.136882129,,
10/28/2023,MAXI CASH ,Pedro Alves,Pedro,Alves,IT,Luanda,Card,4821,1378,0.285832815,,
11/12/2023,AMAZON.CO ,Pedro Alves,Pedro,Alves,Logistics,Luanda,Cash,6835,1375,0.201170446,,
3/3/2023,ARZAMART ,Carlos Miguel,Carlos,Miguel,Sales,Luanda,Card,6371,1944,0.305132632,,
2/19/2024,MAXI CASH ,Luiz Fernando,Luiz,Fernando,Logistics,Huambo,PayPal,5644,1806,0.319985826,,
10/4/2023,SHOPRITE ANGOLA ,Ana Paula,Ana,Paula,IT,Luanda,Card,6094,1740,0.285526748,,
1/13/2023,NOSSO SUPERMERCADO ,Luiz Fernando,Luiz,Fernando,Sales,Benguela,Cash,4516,1253,0.277457927,,
2/6/2022,ARZAMART ,Marta Silva,Marta,Silva,Finance,Luanda,PayPal,3784,1840,0.486257928,,
4/22/2022,MAXI CASH ,Jose Manuel,Jose,Manuel,IT,Luanda,Cash,7394,593,0.080200162,,
1/13/2022,ARZAMART ,Pedro Alves,Pedro,Alves,IT,Luanda,Card,5642,929,0.164657923,,
3/30/2023,NOSSO SUPERMERCADO ,Jose Manuel,Jose,Manuel,Finance,Luanda,Transfer,4488,1381,0.307709447,,
12/25/2023,WALMART INTL ,Pedro Alves,Pedro,Alves,Logistics,Huambo,Cash,6645,1185,0.178329571,,
11/14/2022,NOSSO SUPERMERCADO ,Marta Silva,Marta,Silva,Sales,Benguela,Transfer,6728,1362,0.202437574,,
10/15/2022,ARZAMART ,Ana Paula,Ana,Paula,Sales,Luanda,Cash,7795,1739,0.223091725,,
1/5/2022,NOSSO SUPERMERCADO ,Jose Manuel,Jose,Manuel,Finance,Luanda,Transfer,3411,1053,0.308707124,,
11/3/2022,ARZAMART ,Luiz Fernando,Luiz,Fernando,Sales,Luanda,Card,7658,1292,0.168712458,,
9/22/2022,KERO ,Luiz Fernando,Luiz,Fernando,Finance,Luanda,Cash,7145,875,0.122463261,,
11/29/2023,SHOPRITE ANGOLA ,Luiz Fernando,Luiz,Fernando,Finance,Luanda,Transfer,5971,749,0.125439625,,
1/21/2023,SHOPRITE ANGOLA ,Carlos Miguel,Carlos,Miguel,Sales,Luanda,Card,7752,1933,0.249355005,,
3/1/2024,AMAZON.CO ,Ana Paula,Ana,Paula,IT,Luanda,PayPal,3928,1669,0.424898167,,
10/29/2023,AMAZON.CO ,Marta Silva,Marta,Silva,Sales,Benguela,Transfer,7172,1087,0.151561629,,
10/21/2023,"TESLA, INC. ",Carlos Miguel,Carlos,Miguel,Sales,Benguela,Transfer,5213,1121,0.215039325,,
1/27/2023,MAXI CASH ,Marta Silva,Marta,Silva,IT,Luanda,Cash,6930,1502,0.216738817,,
1/10/2023,"TESLA, INC. ",Carlos Miguel,Carlos,Miguel,Logistics,Luanda,Transfer,6980,561,0.080372493,,
9/29/2022,MAXI CASH ,Pedro Alves,Pedro,Alves,Finance,Luanda,Card,5506,1728,0.313839448,,
2/7/2022,KERO ,Carlos Miguel,Carlos,Miguel,Sales,Luanda,Cash,3565,1250,0.350631136,,
11/18/2023,MAXI CASH ,Jose Manuel,Jose,Manuel,IT,Luanda,PayPal,4570,505,0.110503282,,
1/8/2023,KERO ,Luiz Fernando,Luiz,Fernando,Logistics,Huambo,Transfer,7438,1478,0.19870933,,
2/9/2023,AMAZON.CO ,Pedro Alves,Pedro,Alves,Sales,Luanda,Transfer,5285,1563,0.295742668,,
4/23/2022,KERO ,Luiz Fernando,Luiz,Fernando,Logistics,Luanda,PayPal,4258,1340,0.314701738,,
1/17/2022,MAXI CASH ,Carlos Miguel,Carlos,Miguel,IT,Luanda,Cash,5804,1900,0.327360441,,
7/28/2022,AMAZON.CO ,Jose Manuel,Jose,Manuel,IT,Luanda,PayPal,3884,982,0.252832132,,
2/22/2023,NOSSO SUPERMERCADO ,Jose Manuel,Jose,Manuel,Sales,Benguela,Cash,5894,1754,0.29759077,,
12/26/2023,ARZAMART ,Luiz Fernando,Luiz,Fernando,Logistics,Huambo,Card,5417,1948,0.359608639,,
9/22/2022,MAXI CASH ,Carlos Miguel,Carlos,Miguel,IT,Luanda,Card,4882,1048,0.21466612,,
9/12/2022,WALMART INTL ,Carlos Miguel,Carlos,Miguel,Logistics,Huambo,PayPal,5350,1131,0.211401869,,
12/31/2022,NOSSO SUPERMERCADO ,Ana Paula,Ana,Paula,Finance,Luanda,Card,5184,1840,0.354938272,,
9/21/2022,WALMART INTL ,Luiz Fernando,Luiz,Fernando,IT,Luanda,Card,3987,1390,0.348633057,,
9/22/2023,ARZAMART ,Carlos Miguel,Carlos,Miguel,Sales,Benguela,Cash,4965,1103,0.222155086,,
11/22/2022,ARZAMART ,Carlos Miguel,Carlos,Miguel,IT,Luanda,Transfer,4957,1941,0.39156748,,
4/5/2023,ARZAMART ,Marta Silva,Marta,Silva,Finance,Luanda,Transfer,4610,1811,0.392841649,,
1/25/2022,WALMART INTL ,Luiz Fernando,Luiz,Fernando,Finance,Luanda,Cash,3415,1807,0.529136164,,
7/30/2022,ARZAMART ,Pedro Alves,Pedro,Alves,Finance,Luanda,Cash,5010,1524,0.304191617,,
1/12/2022,NOSSO SUPERMERCADO ,Luiz Fernando,Luiz,Fernando,Finance,Luanda,Transfer,6032,1185,0.196452255,,
4/26/2023,AMAZON.CO ,Jose Manuel,Jose,Manuel,Sales,Luanda,Cash,4597,1213,0.26386774,,
2/27/2023,ARZAMART ,Marta Silva,Marta,Silva,IT,Luanda,Card,5118,1790,0.349745995,,
12/4/2023,AMAZON.CO ,Pedro Alves,Pedro,Alves,IT,Luanda,Transfer,6145,1414,0.230105777,,
1/19/2022,SHOPRITE ANGOLA ,Pedro Alves,Pedro,Alves,IT,Luanda,Transfer,4773,795,0.166561911,,
8/29/2022,ARZAMART ,Pedro Alves,Pedro,Alves,Sales,Luanda,PayPal,5674,1048,0.18470215,,
11/20/2022,WALMART INTL ,Ana Paula,Ana,Paula,Logistics,Huambo,Cash,4518,892,0.197432492,,
5/24/2023,NOSSO SUPERMERCADO ,Jose Manuel,Jose,Manuel,Logistics,Luanda,PayPal,4268,1554,0.364104967,,
6/29/2022,WALMART INTL ,Marta Silva,Marta,Silva,IT,Luanda,PayPal,3512,1541,0.438781321,,
5/14/2023,AMAZON.CO ,Luiz Fernando,Luiz,Fernando,Logistics,Huambo,PayPal,7901,990,0.125300595,,
4/28/2023,WALMART INTL ,Luiz Fernando,Luiz,Fernando,Logistics,Luanda,Transfer,6949,1925,0.277018276,,
1/26/2024,SHOPRITE ANGOLA ,Ana Paula,Ana,Paula,Sales,Luanda,PayPal,3175,1608,0.506456693,,
10/27/2022,NOSSO SUPERMERCADO ,Carlos Miguel,Carlos,Miguel,Logistics,Huambo,Transfer,7093,1127,0.158889046,,
2/7/2024,NOSSO SUPERMERCADO ,Pedro Alves,Pedro,Alves,Sales,Luanda,Cash,3704,1205,0.325323974,,
4/21/2023,AMAZON.CO ,Ana Paula,Ana,Paula,Logistics,Huambo,Cash,7937,756,0.095250094,,
4/22/2022,"TESLA, INC. ",Luiz Fernando,Luiz,Fernando,Sales,Luanda,Cash,4287,743,0.173314672,,
10/6/2022,MAXI CASH ,Carlos Miguel,Carlos,Miguel,IT,Luanda,Cash,3177,927,0.291784703,,
4/20/2023,MAXI CASH ,Jose Manuel,Jose,Manuel,Sales,Benguela,Cash,7399,601,0.081227193,,
12/16/2023,ARZAMART ,Carlos Miguel,Carlos,Miguel,Logistics,Huambo,Cash,6317,1274,0.201678012,,
11/4/2022,"TESLA, INC. ",Marta Silva,Marta,Silva,Sales,Luanda,Card,4019,1191,0.296342374,,
1/11/2023,MAXI CASH ,Ana Paula,Ana,Paula,Sales,Benguela,Transfer,6429,1578,0.245450303,,
4/23/2022,NOSSO SUPERMERCADO ,Pedro Alves,Pedro,Alves,IT,Luanda,Card,5683,1734,0.305120535,,
6/26/2023,WALMART INTL ,Jose Manuel,Jose,Manuel,Finance,Luanda,Cash,6976,1535,0.220040138,,
1/11/2023,AMAZON.CO ,Jose Manuel,Jose,Manuel,Sales,Luanda,Transfer,4470,1042,0.23310962,,
2/7/2022,WALMART INTL ,Jose Manuel,Jose,Manuel,Logistics,Huambo,PayPal,4127,1975,0.478555852,,
5/13/2022,MAXI CASH ,Luiz Fernando,Luiz,Fernando,Sales,Benguela,Cash,3780,686,0.181481481,,
7/25/2022,KERO ,Marta Silva,Marta,Silva,Logistics,Luanda,Transfer,3167,1901,0.600252605,,
2/1/2024,WALMART INTL ,Marta Silva,Marta,Silva,Logistics,Luanda,Card,4070,928,0.228009828,,
7/24/2022,NOSSO SUPERMERCADO ,Pedro Alves,Pedro,Alves,IT,Luanda,Cash,6047,684,0.113113941,,
9/24/2022,SHOPRITE ANGOLA ,Ana Paula,Ana,Paula,Logistics,Luanda,PayPal,4373,1438,0.328836039,,
1/19/2023,KERO ,Marta Silva,Marta,Silva,Sales,Benguela,Cash,3595,891,0.247844228,,
11/10/2022,ARZAMART ,Pedro Alves,Pedro,Alves,IT,Luanda,PayPal,4217,689,0.163386294,,
10/21/2022,ARZAMART ,Jose Manuel,Jose,Manuel,Sales,Benguela,Transfer,7806,1124,0.143991801,,
11/29/2022,WALMART INTL ,Carlos Miguel,Carlos,Miguel,Finance,Luanda,Card,4937,1166,0.236175815,,
4/3/2024,ARZAMART ,Jose Manuel,Jose,Manuel,Finance,Luanda,Transfer,3450,670,0.194202899,,
6/4/2022,MAXI CASH ,Pedro Alves,Pedro,Alves,Logistics,Luanda,Transfer,7864,584,0.074262462,,
11/8/2022,SHOPRITE ANGOLA ,Marta Silva,Marta,Silva,Finance,Luanda,PayPal,6934,992,0.143063167,,
1/22/2023,AMAZON.CO ,Pedro Alves,Pedro,Alves,Logistics,Luanda,PayPal,4551,651,0.143045485,,
9/11/2023,AMAZON.CO ,Jose Manuel,Jose,Manuel,IT,Luanda,PayPal,6506,1759,0.270365816,,
6/18/2023,MAXI CASH ,Marta Silva,Marta,Silva,Logistics,Luanda,Card,7903,1721,0.217765406,,
3/7/2022,NOSSO SUPERMERCADO ,Ana Paula,Ana,Paula,Sales,Benguela,PayPal,6973,1167,0.167359816,,
9/14/2023,ARZAMART ,Pedro Alves,Pedro,Alves,IT,Luanda,Card,5417,1987,0.366808196,,
2/16/2023,ARZAMART ,Marta Silva,Marta,Silva,Logistics,Luanda,Transfer,4236,1902,0.449008499,,
2/15/2023,KERO ,Carlos Miguel,Carlos,Miguel,Finance,Luanda,Cash,3519,1867,0.530548451,,
6/13/2023,KERO ,Pedro Alves,Pedro,Alves,IT,Luanda,Card,5395,650,0.120481928,,
1/8/2022,ARZAMART ,Ana Paula,Ana,Paula,Logistics,Huambo,Transfer,7576,732,0.096620908,,
4/3/2022,"TESLA, INC. ",Pedro Alves,Pedro,Alves,Finance,Luanda,PayPal,4177,1897,0.454153699,,
12/19/2023,KERO ,Pedro Alves,Pedro,Alves,Logistics,Huambo,Transfer,4445,684,0.153880765,,
6/12/2023,NOSSO SUPERMERCADO ,Luiz Fernando,Luiz,Fernando,IT,Luanda,PayPal,7043,1966,0.279142411,,
4/13/2022,AMAZON.CO ,Ana Paula,Ana,Paula,Sales,Benguela,Cash,4484,1401,0.312444246,,
12/8/2022,ARZAMART ,Pedro Alves,Pedro,Alves,IT,Luanda,Cash,3634,584,0.160704458,,
1/3/2024,WALMART INTL ,Ana Paula,Ana,Paula,Finance,Luanda,Card,4760,674,0.141596639,,
7/15/2023,KERO ,Pedro Alves,Pedro,Alves,Logistics,Luanda,Transfer,7960,1730,0.217336683,,
8/4/2023,AMAZON.CO ,Marta Silva,Marta,Silva,Logistics,Luanda,Card,6191,1449,0.234049427,,
1/26/2023,NOSSO SUPERMERCADO ,Jose Manuel,Jose,Manuel,Logistics,Luanda,Cash,5545,1672,0.301532913,,
1/28/2023,WALMART INTL ,Pedro Alves,Pedro,Alves,Sales,Benguela,Card,6427,1894,0.294694259,,
7/15/2023,WALMART INTL ,Pedro Alves,Pedro,Alves,Sales,Benguela,PayPal,4981,1772,0.355751857,,
2/2/2024,KERO ,Jose Manuel,Jose,Manuel,Sales,Luanda,Cash,6399,1671,0.261134552,,
1/14/2024,"TESLA, INC. ",Pedro Alves,Pedro,Alves,Logistics,Luanda,PayPal,5362,1510,0.281611339,,
8/19/2023,ARZAMART ,Jose Manuel,Jose,Manuel,Finance,Luanda,Cash,7084,584,0.0824393,,
6/3/2023,WALMART INTL ,Marta Silva,Marta,Silva,Logistics,Luanda,PayPal,7876,1443,0.18321483,,
11/8/2022,MAXI CASH ,Luiz Fernando,Luiz,Fernando,Logistics,Luanda,Card,6384,691,0.108239348,,
2/18/2023,KERO ,Marta Silva,Marta,Silva,Logistics,Luanda,Transfer,5239,1738,0.331742699,,
4/22/2023,SHOPRITE ANGOLA ,Carlos Miguel,Carlos,Miguel,Sales,Benguela,Cash,6807,924,0.135742618,,
3/1/2023,AMAZON.CO ,Luiz Fernando,Luiz,Fernando,Finance,Luanda,Card,3725,567,0.152214765,,
2/4/2023,ARZAMART ,Carlos Miguel,Carlos,Miguel,Sales,Luanda,PayPal,3293,513,0.155784998,,
9/4/2023,ARZAMART ,Marta Silva,Marta,Silva,Sales,Benguela,Cash,6192,1938,0.312984496,,
3/24/2022,WALMART INTL ,Luiz Fernando,Luiz,Fernando,Logistics,Huambo,PayPal,6341,1102,0.173789623,,
5/2/2022,SHOPRITE ANGOLA ,Jose Manuel,Jose,Manuel,Sales,Benguela,PayPal,4833,1504,0.311193875,,
6/29/2022,AMAZON.CO ,Luiz Fernando,Luiz,Fernando,Sales,Benguela,Card,7384,992,0.134344529,,
9/10/2022,"TESLA, INC. ",Ana Paula,Ana,Paula,Sales,Benguela,Transfer,5007,1179,0.235470342,,
5/24/2022,KERO ,Jose Manuel,Jose,Manuel,Sales,Benguela,Cash,3855,1039,0.269520104,,
7/22/2023,WALMART INTL ,Ana Paula,Ana,Paula,Logistics,Luanda,Card,5937,1002,0.168772107,,
11/6/2023,"TESLA, INC. ",Marta Silva,Marta,Silva,IT,Luanda,Card,6104,635,0.104030144,,
5/17/2023,NOSSO SUPERMERCADO ,Carlos Miguel,Carlos,Miguel,Sales,Luanda,Transfer,4673,1506,0.32227691,,
2/23/2024,SHOPRITE ANGOLA ,Jose Manuel,Jose,Manuel,Logistics,Luanda,PayPal,3280,1817,0.553963415,,
4/17/2023,MAXI CASH ,Ana Paula,Ana,Paula,Logistics,Luanda,Transfer,3391,722,0.212916544,,
10/4/2022,AMAZON.CO ,Carlos Miguel,Carlos,Miguel,Sales,Luanda,Transfer,7309,1767,0.241756738,,
5/13/2022,NOSSO SUPERMERCADO ,Jose Manuel,Jose,Manuel,Logistics,Huambo,Cash,5595,1355,0.242180518,,
9/16/2023,KERO ,Marta Silva,Marta,Silva,Finance,Luanda,Cash,5164,907,0.17563904,,
5/11/2022,AMAZON.CO ,Ana Paula,Ana,Paula,Finance,Luanda,PayPal,4568,1455,0.31852014,,
3/20/2022,KERO ,Marta Silva,Marta,Silva,Logistics,Luanda,Cash,3767,1531,0.40642421,,
1/26/2023,AMAZON.CO ,Pedro Alves,Pedro,Alves,IT,Luanda,Cash,3602,1375,0.381732371,,
9/18/2022,SHOPRITE ANGOLA ,Carlos Miguel,Carlos,Miguel,Sales,Luanda,Card,6921,899,0.129894524,,
11/1/2022,MAXI CASH ,Carlos Miguel,Carlos,Miguel,Sales,Benguela,PayPal,4333,1902,0.438956843,,
12/14/2022,"TESLA, INC. ",Luiz Fernando,Luiz,Fernando,IT,Luanda,Cash,6850,642,0.093722628,,
3/11/2022,MAXI CASH ,Ana Paula,Ana,Paula,IT,Luanda,Transfer,4061,914,0.225067717,,
6/23/2022,MAXI CASH ,Jose Manuel,Jose,Manuel,IT,Luanda,Transfer,4434,929,0.209517366,,
3/4/2022,"TESLA, INC. ",Carlos Miguel,Carlos,Miguel,Logistics,Luanda,Transfer,7232,968,0.133849558,,
1/20/2023,ARZAMART ,Luiz Fernando,Luiz,Fernando,Sales,Luanda,Cash,5696,1325,0.232619382,,
9/18/2023,NOSSO SUPERMERCADO ,Pedro Alves,Pedro,Alves,Finance,Luanda,Cash,3551,1045,0.2942833,,
12/14/2022,ARZAMART ,Carlos Miguel,Carlos,Miguel,Finance,Luanda,PayPal,6743,1710,0.253596322,,
3/5/2024,NOSSO SUPERMERCADO ,Luiz Fernando,Luiz,Fernando,Logistics,Luanda,Transfer,7826,766,0.097878865,,
2/6/2022,"TESLA, INC. ",Jose Manuel,Jose,Manuel,Sales,Benguela,Cash,3765,1788,0.474900398,,
9/11/2023,"TESLA, INC. ",Luiz Fernando,Luiz,Fernando,Sales,Benguela,Cash,3330,559,0.167867868,,
11/26/2022,KERO ,Jose Manuel,Jose,Manuel,Logistics,Huambo,Cash,5981,790,0.132084936,,
7/31/2023,SHOPRITE ANGOLA ,Marta Silva,Marta,Silva,Sales,Luanda,Card,3631,1974,0.543651887,,
1/25/2022,ARZAMART ,Marta Silva,Marta,Silva,IT,Luanda,Card,3952,1875,0.47444332,,
4/26/2023,SHOPRITE ANGOLA ,Luiz Fernando,Luiz,Fernando,Logistics,Huambo,Card,6614,544,0.082249773,,
12/16/2022,WALMART INTL ,Luiz Fernando,Luiz,Fernando,Logistics,Huambo,Cash,5906,1059,0.179309177,,
3/30/2022,KERO ,Luiz Fernando,Luiz,Fernando,Logistics,Luanda,Card,7046,553,0.078484246,,
4/28/2022,KERO ,Pedro Alves,Pedro,Alves,Finance,Luanda,Cash,4076,1636,0.401373896,,
7/8/2023,KERO ,Pedro Alves,Pedro,Alves,Logistics,Huambo,Cash,6339,1399,0.220697271,,
6/9/2022,"TESLA, INC. ",Jose Manuel,Jose,Manuel,Finance,Luanda,Cash,5156,1325,0.256982157,,
11/30/2023,WALMART INTL ,Ana Paula,Ana,Paula,IT,Luanda,PayPal,3485,511,0.146628407,,
10/19/2023,SHOPRITE ANGOLA ,Luiz Fernando,Luiz,Fernando,Logistics,Huambo,Cash,5615,723,0.128762244,,
10/4/2023,KERO ,Carlos Miguel,Carlos,Miguel,IT,Luanda,PayPal,7396,1738,0.234991888,,
2/14/2023,SHOPRITE ANGOLA ,Jose Manuel,Jose,Manuel,Sales,Luanda,Card,7039,758,0.107685751,,
10/3/2022,KERO ,Carlos Miguel,Carlos,Miguel,Sales,Benguela,Cash,7026,1748,0.248790208,,
5/27/2023,ARZAMART ,Jose Manuel,Jose,Manuel,Finance,Luanda,Cash,5052,610,0.12074426,,
1/23/2024,WALMART INTL ,Carlos Miguel,Carlos,Miguel,Logistics,Huambo,Cash,4200,1338,0.318571429,,
7/1/2023,WALMART INTL ,Marta Silva,Marta,Silva,Sales,Luanda,Card,4455,641,0.143883277,,
2/1/2022,ARZAMART ,Jose Manuel,Jose,Manuel,Logistics,Luanda,Cash,6233,863,0.138456602,,
6/23/2022,MAXI CASH ,Marta Silva,Marta,Silva,Logistics,Luanda,Transfer,6951,1124,0.161703352,,
2/5/2024,AMAZON.CO ,Marta Silva,Marta,Silva,Finance,Luanda,Cash,7932,1411,0.17788704,,
11/22/2022,"TESLA, INC. ",Marta Silva,Marta,Silva,Finance,Luanda,Cash,7757,1070,0.137939925,,
8/21/2022,NOSSO SUPERMERCADO ,Marta Silva,Marta,Silva,Sales,Benguela,Card,4907,1691,0.344609741,,
12/18/2022,AMAZON.CO ,Pedro Alves,Pedro,Alves,Logistics,Huambo,Transfer,6632,814,0.122738239,,
11/14/2022,SHOPRITE ANGOLA ,Jose Manuel,Jose,Manuel,Logistics,Huambo,PayPal,5726,1703,0.297415299,,
5/23/2023,SHOPRITE ANGOLA ,Carlos Miguel,Carlos,Miguel,Logistics,Huambo,Transfer,7447,1797,0.241305224,,
5/21/2022,MAXI CASH ,Ana Paula,Ana,Paula,Logistics,Luanda,Card,4439,1978,0.445595855,,
7/29/2022,AMAZON.CO ,Jose Manuel,Jose,Manuel,Sales,Benguela,PayPal,4279,624,0.145828465,,
8/8/2022,"TESLA, INC. ",Pedro Alves,Pedro,Alves,Sales,Luanda,Cash,4569,1249,0.273363975,,
11/14/2022,MAXI CASH ,Ana Paula,Ana,Paula,Sales,Benguela,Cash,4894,827,0.168982427,,
1/29/2023,"TESLA, INC. ",Jose Manuel,Jose,Manuel,Logistics,Huambo,Transfer,7964,1647,0.206805625,,
8/20/2022,SHOPRITE ANGOLA ,Pedro Alves,Pedro,Alves,Finance,Luanda,Card,6759,924,0.136706613,,
2/3/2024,SHOPRITE ANGOLA ,Pedro Alves,Pedro,Alves,Logistics,Luanda,Card,6665,1986,0.297974494,,
3/3/2023,ARZAMART ,Marta Silva,Marta,Silva,Sales,Luanda,Transfer,6153,1290,0.209653827,,
3/10/2023,KERO ,Pedro Alves,Pedro,Alves,Logistics,Huambo,Cash,6660,1484,0.222822823,,
10/5/2022,"TESLA, INC. ",Jose Manuel,Jose,Manuel,Logistics,Luanda,PayPal,5110,890,0.174168297,,
6/19/2022,SHOPRITE ANGOLA ,Marta Silva,Marta,Silva,Sales,Benguela,Card,7467,1864,0.249631713,,
3/9/2023,MAXI CASH ,Marta Silva,Marta,Silva,Logistics,Huambo,Transfer,6964,1078,0.154796094,,
3/16/2022,NOSSO SUPERMERCADO ,Carlos Miguel,Carlos,Miguel,Sales,Benguela,Card,6898,1866,0.270513192,,
4/24/2023,ARZAMART ,Pedro Alves,Pedro,Alves,Sales,Luanda,PayPal,4849,580,0.119612291,,
2/2/2024,MAXI CASH ,Luiz Fernando,Luiz,Fernando,Sales,Benguela,Transfer,3564,1594,0.447250281,,
6/11/2023,KERO ,Jose Manuel,Jose,Manuel,Logistics,Luanda,Transfer,7294,1246,0.170825336,,
6/23/2023,NOSSO SUPERMERCADO ,Ana Paula,Ana,Paula,Sales,Luanda,Cash,5481,868,0.158365262,,
1/31/2022,WALMART INTL ,Luiz Fernando,Luiz,Fernando,Logistics,Huambo,Card,7303,539,0.073805285,,
1/21/2022,AMAZON.CO ,Jose Manuel,Jose,Manuel,IT,Luanda,Transfer,6486,1275,0.196577243,,
9/25/2022,"TESLA, INC. ",Pedro Alves,Pedro,Alves,Logistics,Huambo,Transfer,7610,727,0.095532194,,
7/9/2023,"TESLA, INC. ",Luiz Fernando,Luiz,Fernando,Logistics,Huambo,PayPal,3823,1867,0.488359927,,
2/10/2024,WALMART INTL ,Ana Paula,Ana,Paula,Sales,Benguela,PayPal,5422,969,0.178716341,,
6/23/2022,KERO ,Luiz Fernando,Luiz,Fernando,IT,Luanda,Transfer,4761,1242,0.260869565,,
10/19/2023,ARZAMART ,Luiz Fernando,Luiz,Fernando,Logistics,Huambo,Cash,5365,888,0.165517241,,
1/15/2024,MAXI CASH ,Jose Manuel,Jose,Manuel,Sales,Luanda,Card,6389,773,0.1209892,,
10/18/2022,AMAZON.CO ,Carlos Miguel,Carlos,Miguel,Finance,Luanda,Cash,6438,1658,0.257533395,,
7/20/2022,"TESLA, INC. ",Pedro Alves,Pedro,Alves,Sales,Luanda,Cash,3946,535,0.135580335,,
3/20/2023,NOSSO SUPERMERCADO ,Luiz Fernando,Luiz,Fernando,IT,Luanda,Card,4036,1596,0.395441031,,
7/12/2023,MAXI CASH ,Carlos Miguel,Carlos,Miguel,Logistics,Luanda,PayPal,7751,1694,0.218552445,,
8/26/2023,NOSSO SUPERMERCADO ,Jose Manuel,Jose,Manuel,IT,Luanda,Card,3134,1838,0.586470964,,
8/1/2022,ARZAMART ,Jose Manuel,Jose,Manuel,Sales,Luanda,PayPal,5038,1472,0.292179436,,
1/9/2022,SHOPRITE ANGOLA ,Ana Paula,Ana,Paula,IT,Luanda,Card,5187,1705,0.328706381,,
8/26/2022,"TESLA, INC. ",Luiz Fernando,Luiz,Fernando,Logistics,Luanda,Card,6585,843,0.128018223,,
10/23/2023,SHOPRITE ANGOLA ,Carlos Miguel,Carlos,Miguel,Logistics,Luanda,Cash,5974,1116,0.186809508,,
6/25/2022,NOSSO SUPERMERCADO ,Luiz Fernando,Luiz,Fernando,Logistics,Luanda,PayPal,6242,754,0.120794617,,
9/23/2022,AMAZON.CO ,Luiz Fernando,Luiz,Fernando,Sales,Luanda,Cash,4088,1011,0.247309198,,
5/15/2022,WALMART INTL ,Jose Manuel,Jose,Manuel,Sales,Luanda,Cash,6817,1414,0.20742262,,
2/26/2022,ARZAMART ,Ana Paula,Ana,Paula,Logistics,Luanda,PayPal,6687,1391,0.208015553,,
4/26/2022,"TESLA, INC. ",Ana Paula,Ana,Paula,Finance,Luanda,Card,7943,1639,0.20634521,,
7/23/2022,AMAZON.CO ,Luiz Fernando,Luiz,Fernando,Sales,Benguela,PayPal,4432,905,0.204196751,,
1/19/2024,AMAZON.CO ,Luiz Fernando,Luiz,Fernando,Sales,Luanda,PayPal,7315,1570,0.214627478,,
9/10/2022,ARZAMART ,Marta Silva,Marta,Silva,Sales,Benguela,Transfer,6755,781,0.115618061,,
1/30/2023,ARZAMART ,Carlos Miguel,Carlos,Miguel,Logistics,Luanda,Transfer,4562,1261,0.276413854,,
4/17/2023,"TESLA, INC. ",Pedro Alves,Pedro,Alves,Logistics,Huambo,Cash,5593,1213,0.216878241,,
1/26/2024,SHOPRITE ANGOLA ,Ana Paula,Ana,Paula,Sales,Benguela,Card,4381,1276,0.291257704,,
2/5/2022,NOSSO SUPERMERCADO ,Pedro Alves,Pedro,Alves,Logistics,Huambo,Card,4944,1802,0.364482201,,
4/13/2023,NOSSO SUPERMERCADO ,Pedro Alves,Pedro,Alves,Sales,Benguela,PayPal,5519,969,0.175575285,,
11/25/2022,AMAZON.CO ,Luiz Fernando,Luiz,Fernando,Sales,Benguela,Cash,5383,1664,0.309121308,,
3/5/2024,SHOPRITE ANGOLA ,Ana Paula,Ana,Paula,IT,Luanda,Transfer,3096,774,0.25,,
3/6/2023,NOSSO SUPERMERCADO ,Carlos Miguel,Carlos,Miguel,Sales,Benguela,PayPal,7480,1906,0.254812834,,
8/7/2022,KERO ,Marta Silva,Marta,Silva,Logistics,Luanda,PayPal,7788,1510,0.193888033,,
7/18/2022,ARZAMART ,Marta Silva,Marta,Silva,Logistics,Huambo,Cash,4532,774,0.170785525,,
3/17/2022,KERO ,Pedro Alves,Pedro,Alves,IT,Luanda,Transfer,7404,1617,0.218395462,,
5/24/2023,KERO ,Marta Silva,Marta,Silva,Sales,Luanda,PayPal,7612,1377,0.180898581,,
2/18/2023,"TESLA, INC. ",Luiz Fernando,Luiz,Fernando,Logistics,Luanda,PayPal,4596,801,0.174281984,,
3/31/2023,MAXI CASH ,Pedro Alves,Pedro,Alves,Logistics,Luanda,Cash,5299,1550,0.29250802,,
9/28/2023,NOSSO SUPERMERCADO ,Luiz Fernando,Luiz,Fernando,Sales,Benguela,Transfer,7959,799,0.100389496,,
9/19/2023,AMAZON.CO ,Luiz Fernando,Luiz,Fernando,Sales,Luanda,Cash,6940,1718,0.247550432,,
6/30/2022,WALMART INTL ,Luiz Fernando,Luiz,Fernando,IT,Luanda,PayPal,3601,1027,0.285198556,,
9/19/2022,WALMART INTL ,Marta Silva,Marta,Silva,Sales,Benguela,PayPal,3378,1528,0.452338662,,
10/24/2022,SHOPRITE ANGOLA ,Pedro Alves,Pedro,Alves,Logistics,Huambo,Transfer,3014,802,0.266091573,,
2/22/2024,SHOPRITE ANGOLA ,Ana Paula,Ana,Paula,Finance,Luanda,PayPal,5802,608,0.104791451,,
10/13/2023,MAXI CASH ,Marta Silva,Marta,Silva,Logistics,Luanda,PayPal,3957,764,0.193075562,,
2/26/2022,AMAZON.CO ,Marta Silva,Marta,Silva,Sales,Luanda,Card,5290,1221,0.230812854,,
4/14/2023,WALMART INTL ,Jose Manuel,Jose,Manuel,Sales,Luanda,Cash,7049,798,0.113207547,,
5/3/2022,SHOPRITE ANGOLA ,Carlos Miguel,Carlos,Miguel,Sales,Benguela,Card,7532,1541,0.204593733,,
2/17/2022,ARZAMART ,Jose Manuel,Jose,Manuel,Finance,Luanda,Card,3625,571,0.157517241,,
10/12/2022,SHOPRITE ANGOLA ,Jose Manuel,Jose,Manuel,Logistics,Huambo,PayPal,7641,1708,0.223530951,,
5/11/2023,NOSSO SUPERMERCADO ,Luiz Fernando,Luiz,Fernando,Logistics,Huambo,Cash,3763,1940,0.515546107,,
8/31/2023,NOSSO SUPERMERCADO ,Ana Paula,Ana,Paula,Finance,Luanda,Transfer,7103,1925,0.271012248,,
8/3/2024,"TESLA, INC. ",Ana Paula,Ana,Paula,IT,Luanda,Transfer,6529,1971,0.301883903,,
8/27/2022,ARZAMART ,Jose Manuel,Jose,Manuel,IT,Luanda,Transfer,5426,1486,0.273866568,,
1/14/2022,NOSSO SUPERMERCADO ,Pedro Alves,Pedro,Alves,Sales,Luanda,Cash,6212,1218,0.196072118,,
5/9/2022,KERO ,Jose Manuel,Jose,Manuel,Logistics,Huambo,Cash,3607,1849,0.512614361,,
6/18/2023,"TESLA, INC. ",Luiz Fernando,Luiz,Fernando,Sales,Luanda,PayPal,3784,1119,0.295718816,,
6/15/2022,ARZAMART ,Luiz Fernando,Luiz,Fernando,Finance,Luanda,Card,7458,1525,0.204478412,,
8/11/2022,WALMART INTL ,Ana Paula,Ana,Paula,IT,Luanda,Card,6696,1129,0.168608124,,
2/2/2022,SHOPRITE ANGOLA ,Marta Silva,Marta,Silva,Sales,Luanda,Card,5424,793,0.146202065,,
7/28/2023,NOSSO SUPERMERCADO ,Jose Manuel,Jose,Manuel,Sales,Luanda,Cash,3005,971,0.32312812,,
1/2/2024,AMAZON.CO ,Luiz Fernando,Luiz,Fernando,Logistics,Huambo,PayPal,4945,1738,0.351466127,,
9/3/2024,KERO ,Jose Manuel,Jose,Manuel,Sales,Benguela,Cash,6426,554,0.086212263,,
4/1/2024,WALMART INTL ,Jose Manuel,Jose,Manuel,Finance,Luanda,Card,5360,1638,0.305597015,,
12/1/2023,NOSSO SUPERMERCADO ,Carlos Miguel,Carlos,Miguel,Logistics,Luanda,Transfer,5499,736,0.133842517,,
6/25/2022,SHOPRITE ANGOLA ,Luiz Fernando,Luiz,Fernando,Logistics,Luanda,Cash,5226,1132,0.216609261,,
5/26/2022,MAXI CASH ,Carlos Miguel,Carlos,Miguel,Sales,Luanda,Cash,7906,561,0.070958765,,
3/31/2022,KERO ,Carlos Miguel,Carlos,Miguel,IT,Luanda,PayPal,6882,1094,0.158965417,,
11/9/2023,AMAZON.CO ,Jose Manuel,Jose,Manuel,IT,Luanda,Card,4931,1458,0.295680389,,
10/24/2022,ARZAMART ,Luiz Fernando,Luiz,Fernando,Logistics,Huambo,Card,3871,1357,0.350555412,,
8/23/2022,"TESLA, INC. ",Marta Silva,Marta,Silva,Logistics,Huambo,Cash,6385,688,0.107752545,,
12/25/2023,ARZAMART ,Ana Paula,Ana,Paula,Sales,Benguela,Card,3243,1604,0.494603762,,
8/19/2023,"TESLA, INC. ",Jose Manuel,Jose,Manuel,IT,Luanda,Cash,6562,862,0.13136239,,
5/6/2023,MAXI CASH ,Carlos Miguel,Carlos,Miguel,IT,Luanda,Cash,3189,780,0.244590781,,
5/11/2023,ARZAMART ,Ana Paula,Ana,Paula,Sales,Luanda,Cash,5947,978,0.164452665,,
7/30/2023,AMAZON.CO ,Jose Manuel,Jose,Manuel,Logistics,Luanda,Card,5738,1042,0.181596375,,
4/7/2023,KERO ,Carlos Miguel,Carlos,Miguel,Sales,Luanda,Card,5356,633,0.118185213,,
9/18/2022,AMAZON.CO ,Ana Paula,Ana,Paula,Finance,Luanda,PayPal,6683,1644,0.245997307,,
11/3/2023,SHOPRITE ANGOLA ,Carlos Miguel,Carlos,Miguel,Sales,Luanda,Cash,4339,1903,0.438580318,,
2/6/2024,AMAZON.CO ,Pedro Alves,Pedro,Alves,Sales,Luanda,Cash,5923,509,0.085936181,,
4/7/2023,AMAZON.CO ,Ana Paula,Ana,Paula,IT,Luanda,Cash,4302,714,0.165969317,,
10/17/2022,SHOPRITE ANGOLA ,Luiz Fernando,Luiz,Fernando,Logistics,Huambo,Transfer,6992,1168,0.167048055,,
5/27/2022,MAXI CASH ,Pedro Alves,Pedro,Alves,Finance,Luanda,Transfer,6799,1423,0.209295485,,
1/7/2022,"TESLA, INC. ",Luiz Fernando,Luiz,Fernando,Sales,Benguela,Transfer,5542,639,0.115301335,,
12/24/2022,"TESLA, INC. ",Jose Manuel,Jose,Manuel,Sales,Luanda,Card,4122,742,0.180009704,,
7/15/2023,WALMART INTL ,Pedro Alves,Pedro,Alves,Logistics,Luanda,Card,7589,1294,0.170509949,,
9/16/2023,NOSSO SUPERMERCADO ,Luiz Fernando,Luiz,Fernando,Logistics,Huambo,PayPal,6847,1760,0.257046882,,
8/23/2022,NOSSO SUPERMERCADO ,Marta Silva,Marta,Silva,Finance,Luanda,Cash,6548,1593,0.243280391,,
2/4/2024,ARZAMART ,Marta Silva,Marta,Silva,Finance,Luanda,Cash,4742,1182,0.249261915,,
10/10/2023,WALMART INTL ,Pedro Alves,Pedro,Alves,IT,Luanda,Card,4270,1885,0.441451991,,
1/15/2022,AMAZON.CO ,Carlos Miguel,Carlos,Miguel,IT,Luanda,PayPal,5531,1075,0.194359067,,
3/10/2024,ARZAMART ,Ana Paula,Ana,Paula,Sales,Luanda,Cash,5028,1988,0.395385839,,
2/4/2022,SHOPRITE ANGOLA ,Luiz Fernando,Luiz,Fernando,Logistics,Luanda,PayPal,7522,1495,0.198750332,,
12/20/2022,SHOPRITE ANGOLA ,Jose Manuel,Jose,Manuel,Logistics,Huambo,Transfer,7254,637,0.08781362,,
1/29/2022,"TESLA, INC. ",Marta Silva,Marta,Silva,Finance,Luanda,PayPal,3748,922,0.245997866,,
5/10/2022,AMAZON.CO ,Carlos Miguel,Carlos,Miguel,Logistics,Huambo,Transfer,3134,518,0.165283982,,
6/29/2023,MAXI CASH ,Carlos Miguel,Carlos,Miguel,Sales,Benguela,Card,4846,1436,0.296326868,,
7/11/2022,MAXI CASH ,Ana Paula,Ana,Paula,Sales,Benguela,Card,3389,1271,0.375036884,,
10/25/2022,MAXI CASH ,Jose Manuel,Jose,Manuel,Logistics,Huambo,Cash,6111,1122,0.183603338,,
5/4/2022,KERO ,Luiz Fernando,Luiz,Fernando,Sales,Luanda,Cash,7356,511,0.069467102,,
2/10/2023,KERO ,Marta Silva,Marta,Silva,Logistics,Huambo,Card,7423,1451,0.195473528,,
10/5/2022,WALMART INTL ,Pedro Alves,Pedro,Alves,IT,Luanda,Transfer,4850,1279,0.26371134,,
6/26/2022,WALMART INTL ,Pedro Alves,Pedro,Alves,Sales,Benguela,PayPal,5449,848,0.155624885,,
2/19/2023,"TESLA, INC. ",Ana Paula,Ana,Paula,Logistics,Luanda,Card,3428,928,0.270711785,,
2/15/2023,MAXI CASH ,Jose Manuel,Jose,Manuel,Sales,Benguela,Card,6269,937,0.149465625,,
3/9/2024,SHOPRITE ANGOLA ,Luiz Fernando,Luiz,Fernando,Logistics,Huambo,Cash,3294,1750,0.531268974,,
5/21/2023,KERO ,Marta Silva,Marta,Silva,Logistics,Luanda,PayPal,7054,1892,0.268216615,,
2/14/2022,ARZAMART ,Jose Manuel,Jose,Manuel,Logistics,Huambo,Card,4523,933,0.206279018,,
8/23/2022,WALMART INTL ,Ana Paula,Ana,Paula,Logistics,Luanda,Cash,7103,1502,0.211459947,,
6/29/2022,WALMART INTL ,Carlos Miguel,Carlos,Miguel,Logistics,Huambo,Cash,3981,977,0.245415725,,
2/25/2024,NOSSO SUPERMERCADO ,Ana Paula,Ana,Paula,Finance,Luanda,Card,4321,1504,0.348067577,,
11/28/2023,AMAZON.CO ,Marta Silva,Marta,Silva,Sales,Luanda,Transfer,4185,1911,0.456630824,,
4/21/2022,WALMART INTL ,Marta Silva,Marta,Silva,Logistics,Luanda,PayPal,6506,855,0.131417153,,
11/30/2023,AMAZON.CO ,Ana Paula,Ana,Paula,Logistics,Huambo,Card,4093,1487,0.363303201,,
7/25/2022,ARZAMART ,Luiz Fernando,Luiz,Fernando,IT,Luanda,Cash,3513,1340,0.381440364,,
10/12/2022,WALMART INTL ,Ana Paula,Ana,Paula,Finance,Luanda,Card,4743,1836,0.387096774,,
5/29/2022,ARZAMART ,Ana Paula,Ana,Paula,Finance,Luanda,PayPal,5289,879,0.166193988,,
9/25/2023,"TESLA, INC. ",Pedro Alves,Pedro,Alves,Logistics,Huambo,PayPal,4863,1935,0.397902529,,
3/19/2023,AMAZON.CO ,Jose Manuel,Jose,Manuel,IT,Luanda,Cash,3649,1454,0.398465333,,
3/13/2023,"TESLA, INC. ",Marta Silva,Marta,Silva,Finance,Luanda,Transfer,4279,1346,0.314559477,,
4/10/2022,AMAZON.CO ,Ana Paula,Ana,Paula,Logistics,Huambo,Card,3002,1605,0.534643571,,
9/4/2023,KERO ,Ana Paula,Ana,Paula,IT,Luanda,Card,4758,662,0.13913409,,
5/9/2022,MAXI CASH ,Luiz Fernando,Luiz,Fernando,Sales,Luanda,Cash,4823,1065,0.220816919,,
11/30/2022,SHOPRITE ANGOLA ,Carlos Miguel,Carlos,Miguel,Sales,Benguela,Cash,3203,639,0.199500468,,
6/12/2023,AMAZON.CO ,Marta Silva,Marta,Silva,Finance,Luanda,Cash,6758,1996,0.295353655,,
11/22/2023,MAXI CASH ,Marta Silva,Marta,Silva,Sales,Benguela,Cash,3758,1730,0.460351251,,
9/12/2023,MAXI CASH ,Luiz Fernando,Luiz,Fernando,Sales,Benguela,PayPal,5577,1181,0.211762596,,
4/29/2022,MAXI CASH ,Pedro Alves,Pedro,Alves,Logistics,Huambo,Transfer,5073,770,0.151783954,,
9/27/2022,MAXI CASH ,Ana Paula,Ana,Paula,Logistics,Luanda,Cash,5035,1948,0.386891758,,
9/5/2022,NOSSO SUPERMERCADO ,Carlos Miguel,Carlos,Miguel,Logistics,Luanda,Card,7025,1291,0.183772242,,
1/12/2022,MAXI CASH ,Luiz Fernando,Luiz,Fernando,Sales,Benguela,Cash,3183,1918,0.602576186,,
5/10/2023,SHOPRITE ANGOLA ,Pedro Alves,Pedro,Alves,Sales,Benguela,Transfer,6294,1889,0.300127105,,
9/10/2022,NOSSO SUPERMERCADO ,Marta Silva,Marta,Silva,Finance,Luanda,Transfer,5881,936,0.159156606,,
10/22/2022,ARZAMART ,Ana Paula,Ana,Paula,Sales,Benguela,Cash,6905,1023,0.148153512,,
12/6/2022,KERO ,Pedro Alves,Pedro,Alves,Finance,Luanda,Transfer,3758,1269,0.337679617,,
3/25/2022,WALMART INTL ,Marta Silva,Marta,Silva,IT,Luanda,Transfer,4355,1080,0.247990815,,
4/29/2022,MAXI CASH ,Jose Manuel,Jose,Manuel,IT,Luanda,Card,7346,983,0.133814321,,
4/15/2023,SHOPRITE ANGOLA ,Carlos Miguel,Carlos,Miguel,Sales,Benguela,Cash,3271,1357,0.414857842,,
10/16/2023,AMAZON.CO ,Jose Manuel,Jose,Manuel,Finance,Luanda,Cash,3813,561,0.147128245,,
7/13/2022,ARZAMART ,Pedro Alves,Pedro,Alves,Logistics,Luanda,Card,4232,525,0.12405482,,
8/13/2022,KERO ,Marta Silva,Marta,Silva,Sales,Luanda,Cash,3939,1292,0.328002031,,
1/10/2024,MAXI CASH ,Jose Manuel,Jose,Manuel,Sales,Luanda,PayPal,6558,1727,0.263342482,,
12/14/2023,"TESLA, INC. ",Pedro Alves,Pedro,Alves,Sales,Benguela,Transfer,6308,1415,0.224318326,,
1/1/2023,NOSSO SUPERMERCADO ,Jose Manuel,Jose,Manuel,Sales,Luanda,Transfer,4980,556,0.111646586,,
10/16/2023,NOSSO SUPERMERCADO ,Jose Manuel,Jose,Manuel,Logistics,Huambo,Cash,4689,1822,0.388568991,,
3/20/2022,NOSSO SUPERMERCADO ,Luiz Fernando,Luiz,Fernando,IT,Luanda,Transfer,5906,1088,0.184219438,,
1/20/2024,AMAZON.CO ,Ana Paula,Ana,Paula,Sales,Benguela,Cash,6434,948,0.147342244,,
7/1/2023,ARZAMART ,Jose Manuel,Jose,Manuel,Logistics,Luanda,PayPal,7531,809,0.107422653,,
8/25/2023,SHOPRITE ANGOLA ,Luiz Fernando,Luiz,Fernando,Sales,Luanda,PayPal,6312,1629,0.258079848,,
7/18/2023,ARZAMART ,Marta Silva,Marta,Silva,Finance,Luanda,Transfer,6950,543,0.078129496,,
5/13/2023,WALMART INTL ,Pedro Alves,Pedro,Alves,IT,Luanda,Card,3439,1159,0.337016575,,
6/19/2022,MAXI CASH ,Ana Paula,Ana,Paula,Finance,Luanda,Cash,4353,1746,0.401102688,,
10/10/2023,ARZAMART ,Marta Silva,Marta,Silva,Finance,Luanda,Transfer,3764,1627,0.432252922,,
6/28/2023,ARZAMART ,Jose Manuel,Jose,Manuel,Logistics,Luanda,Card,6980,1813,0.25974212,,
3/18/2023,SHOPRITE ANGOLA ,Ana Paula,Ana,Paula,Finance,Luanda,Transfer,4086,1302,0.318649046,,
9/3/2024,ARZAMART ,Marta Silva,Marta,Silva,Sales,Benguela,Cash,3825,1789,0.467712418,,
3/27/2023,NOSSO SUPERMERCADO ,Ana Paula,Ana,Paula,Sales,Luanda,PayPal,7836,770,0.098264421,,
8/5/2023,ARZAMART ,Pedro Alves,Pedro,Alves,Logistics,Luanda,PayPal,4938,808,0.163629,,
3/7/2022,NOSSO SUPERMERCADO ,Carlos Miguel,Carlos,Miguel,Logistics,Huambo,PayPal,5804,1264,0.217780841,,
5/1/2022,"TESLA, INC. ",Jose Manuel,Jose,Manuel,Sales,Benguela,Cash,4113,860,0.209093119,,
6/27/2022,ARZAMART ,Carlos Miguel,Carlos,Miguel,Sales,Benguela,Transfer,7524,645,0.085725678,,
10/17/2023,MAXI CASH ,Marta Silva,Marta,Silva,Finance,Luanda,Transfer,7790,1426,0.183055199,,
7/6/2022,AMAZON.CO ,Carlos Miguel,Carlos,Miguel,Logistics,Luanda,PayPal,7137,1059,0.148381673,,
12/6/2022,"TESLA, INC. ",Pedro Alves,Pedro,Alves,Sales,Luanda,Card,6004,1934,0.322118588,,
5/22/2022,KERO ,Marta Silva,Marta,Silva,Sales,Luanda,Card,4382,779,0.177772707,,
7/22/2022,MAXI CASH ,Carlos Miguel,Carlos,Miguel,IT,Luanda,Transfer,5563,1155,0.207621787,,
3/14/2023,KERO ,Jose Manuel,Jose,Manuel,Sales,Luanda,Cash,5500,1432,0.260363636,,
6/9/2023,ARZAMART ,Ana Paula,Ana,Paula,Finance,Luanda,Card,4175,1613,0.386347305,,
8/16/2023,"TESLA, INC. ",Jose Manuel,Jose,Manuel,Sales,Benguela,Transfer,4827,1577,0.326703957,,
6/23/2022,"TESLA, INC. ",Ana Paula,Ana,Paula,Sales,Benguela,Cash,3646,1907,0.523038947,,
1/21/2022,MAXI CASH ,Luiz Fernando,Luiz,Fernando,Logistics,Luanda,Transfer,3504,519,0.148116438,,
5/3/2023,ARZAMART ,Pedro Alves,Pedro,Alves,Sales,Luanda,Cash,7842,1616,0.20606988,,
11/5/2023,ARZAMART ,Luiz Fernando,Luiz,Fernando,Logistics,Huambo,Transfer,5389,1910,0.354425682,,
3/25/2022,"TESLA, INC. ",Pedro Alves,Pedro,Alves,Logistics,Huambo,Transfer,5471,1982,0.362273807,,
2/14/2022,"TESLA, INC. ",Jose Manuel,Jose,Manuel,Logistics,Luanda,Transfer,3725,1411,0.378791946,,
7/23/2023,NOSSO SUPERMERCADO ,Ana Paula,Ana,Paula,Finance,Luanda,Card,5321,1065,0.200150348,,
10/25/2022,NOSSO SUPERMERCADO ,Luiz Fernando,Luiz,Fernando,Sales,Luanda,Transfer,7909,642,0.081173347,,
3/25/2022,NOSSO SUPERMERCADO ,Marta Silva,Marta,Silva,Logistics,Huambo,Card,3242,1629,0.502467613,,
4/7/2023,AMAZON.CO ,Jose Manuel,Jose,Manuel,Logistics,Luanda,Cash,6393,1022,0.159862349,,
5/30/2022,"TESLA, INC. ",Jose Manuel,Jose,Manuel,Sales,Luanda,Transfer,3746,1820,0.485851575,,
10/18/2023,ARZAMART ,Pedro Alves,Pedro,Alves,IT,Luanda,Card,6363,1724,0.27094138,,
2/3/2022,AMAZON.CO ,Jose Manuel,Jose,Manuel,Sales,Benguela,Card,5412,1276,0.235772358,,
9/9/2023,KERO ,Luiz Fernando,Luiz,Fernando,Logistics,Huambo,Transfer,4566,1435,0.314279457,,
6/1/2022,ARZAMART ,Ana Paula,Ana,Paula,Logistics,Luanda,Transfer,4738,1691,0.356901646,,
3/22/2023,SHOPRITE ANGOLA ,Jose Manuel,Jose,Manuel,Sales,Benguela,PayPal,5838,828,0.141829394,,
12/4/2022,NOSSO SUPERMERCADO ,Marta Silva,Marta,Silva,Logistics,Huambo,Transfer,4000,1253,0.31325,,
10/15/2023,AMAZON.CO ,Ana Paula,Ana,Paula,Finance,Luanda,Transfer,6565,1749,0.266412795,,
7/27/2022,ARZAMART ,Marta Silva,Marta,Silva,IT,Luanda,Cash,6069,814,0.134124238,,
12/21/2022,KERO ,Ana Paula,Ana,Paula,IT,Luanda,Card,5178,1887,0.364426419,,
8/6/2022,MAXI CASH ,Jose Manuel,Jose,Manuel,Finance,Luanda,Cash,6797,1117,0.164337208,,
1/16/2024,WALMART INTL ,Ana Paula,Ana,Paula,Logistics,Huambo,Cash,5230,839,0.16042065,,
12/27/2023,MAXI CASH ,Marta Silva,Marta,Silva,Logistics,Huambo,Transfer,6473,693,0.107060096,,
8/19/2022,"TESLA, INC. ",Ana Paula,Ana,Paula,Sales,Benguela,Card,3148,1960,0.622617535,,
10/11/2023,NOSSO SUPERMERCADO ,Luiz Fernando,Luiz,Fernando,Logistics,Luanda,PayPal,4444,583,0.131188119,,
7/7/2022,WALMART INTL ,Ana Paula,Ana,Paula,Sales,Benguela,Card,4454,632,0.141894926,,
12/27/2022,"TESLA, INC. ",Luiz Fernando,Luiz,Fernando,Logistics,Huambo,Cash,6344,902,0.142181589,,
2/14/2022,SHOPRITE ANGOLA ,Ana Paula,Ana,Paula,Logistics,Huambo,Cash,3493,1832,0.524477526,,
9/20/2023,AMAZON.CO ,Jose Manuel,Jose,Manuel,Logistics,Luanda,Transfer,7287,735,0.100864553,,
12/28/2022,ARZAMART ,Luiz Fernando,Luiz,Fernando,IT,Luanda,PayPal,5976,712,0.11914324,,
2/7/2024,WALMART INTL ,Jose Manuel,Jose,Manuel,Logistics,Luanda,Card,3147,1933,0.61423578,,
9/16/2022,SHOPRITE ANGOLA ,Ana Paula,Ana,Paula,IT,Luanda,Cash,6048,570,0.094246032,,
3/1/2022,KERO ,Carlos Miguel,Carlos,Miguel,IT,Luanda,Transfer,3445,539,0.156458636,,
8/1/2022,"TESLA, INC. ",Ana Paula,Ana,Paula,IT,Luanda,PayPal,6792,848,0.124852768,,
11/25/2023,KERO ,Jose Manuel,Jose,Manuel,Finance,Luanda,Cash,4311,1125,0.260960334,,
3/28/2022,KERO ,Luiz Fernando,Luiz,Fernando,Logistics,Huambo,Card,5943,1452,0.24432105,,
9/9/2023,ARZAMART ,Ana Paula,Ana,Paula,Sales,Benguela,PayPal,6293,1753,0.278563483,,
7/2/2022,MAXI CASH ,Pedro Alves,Pedro,Alves,Sales,Luanda,Cash,5450,1231,0.22587156,,
1/12/2022,NOSSO SUPERMERCADO ,Marta Silva,Marta,Silva,Logistics,Luanda,PayPal,7394,902,0.121990803,,
11/12/2022,WALMART INTL ,Carlos Miguel,Carlos,Miguel,Sales,Luanda,Card,6579,1803,0.274053808,,
9/20/2022,AMAZON.CO ,Pedro Alves,Pedro,Alves,Sales,Luanda,Transfer,7009,1120,0.15979455,,
8/12/2022,"TESLA, INC. ",Pedro Alves,Pedro,Alves,IT,Luanda,PayPal,6037,616,0.102037436,,
6/24/2023,NOSSO SUPERMERCADO ,Luiz Fernando,Luiz,Fernando,Sales,Luanda,PayPal,4069,1373,0.337429344,,
1/10/2024,AMAZON.CO ,Ana Paula,Ana,Paula,IT,Luanda,Card,7637,1184,0.155034699,,
4/25/2022,SHOPRITE ANGOLA ,Jose Manuel,Jose,Manuel,Logistics,Huambo,PayPal,4283,645,0.150595377,,
8/16/2023,NOSSO SUPERMERCADO ,Carlos Miguel,Carlos,Miguel,Finance,Luanda,Cash,4966,568,0.114377769,,
9/5/2023,KERO ,Carlos Miguel,Carlos,Miguel,Sales,Luanda,Card,6771,1929,0.284891449,,
10/28/2023,KERO ,Marta Silva,Marta,Silva,Logistics,Huambo,PayPal,3981,1296,0.325546345,,
2/14/2024,AMAZON.CO ,Pedro Alves,Pedro,Alves,Finance,Luanda,PayPal,6088,876,0.143889619,,
6/8/2022,MAXI CASH ,Jose Manuel,Jose,Manuel,Finance,Luanda,PayPal,5465,1511,0.276486734,,
8/14/2022,AMAZON.CO ,Pedro Alves,Pedro,Alves,Finance,Luanda,Card,7210,1953,0.270873786,,
11/14/2023,WALMART INTL ,Carlos Miguel,Carlos,Miguel,Sales,Benguela,Transfer,4867,1395,0.286624204,,
6/29/2023,AMAZON.CO ,Marta Silva,Marta,Silva,Sales,Benguela,PayPal,7226,1359,0.188070855,,
9/15/2023,"TESLA, INC. ",Carlos Miguel,Carlos,Miguel,Sales,Luanda,Card,4809,697,0.144936577,,
4/18/2022,SHOPRITE ANGOLA ,Pedro Alves,Pedro,Alves,Logistics,Luanda,Card,6647,1670,0.251241161,,
4/1/2022,AMAZON.CO ,Marta Silva,Marta,Silva,Logistics,Huambo,PayPal,4721,1061,0.224740521,,
5/10/2022,KERO ,Luiz Fernando,Luiz,Fernando,Finance,Luanda,PayPal,4830,1262,0.261283644,,
4/24/2023,ARZAMART ,Marta Silva,Marta,Silva,Finance,Luanda,PayPal,7130,1465,0.205469846,,
9/24/2022,MAXI CASH ,Marta Silva,Marta,Silva,Sales,Benguela,Cash,6984,1847,0.264461627,,
9/11/2022,AMAZON.CO ,Marta Silva,Marta,Silva,IT,Luanda,PayPal,5624,1018,0.181009957,,
3/11/2022,"TESLA, INC. ",Ana Paula,Ana,Paula,Sales,Benguela,PayPal,5924,676,0.114112086,,
12/15/2022,NOSSO SUPERMERCADO ,Luiz Fernando,Luiz,Fernando,IT,Luanda,Card,4613,1010,0.218946456,,
8/15/2023,KERO ,Ana Paula,Ana,Paula,IT,Luanda,Card,5614,1382,0.246170289,,
12/26/2023,SHOPRITE ANGOLA ,Luiz Fernando,Luiz,Fernando,Sales,Luanda,Cash,4918,996,0.20252135,,
2/5/2023,MAXI CASH ,Jose Manuel,Jose,Manuel,Logistics,Huambo,PayPal,7345,1204,0.163921035,,
11/1/2022,AMAZON.CO ,Pedro Alves,Pedro,Alves,IT,Luanda,Card,6727,535,0.079530251,,
11/5/2023,SHOPRITE ANGOLA ,Jose Manuel,Jose,Manuel,Finance,Luanda,Cash,4678,1944,0.415562206,,
2/7/2022,WALMART INTL ,Jose Manuel,Jose,Manuel,Finance,Luanda,Cash,4899,659,0.134517248,,
2/29/2024,SHOPRITE ANGOLA ,Luiz Fernando,Luiz,Fernando,Logistics,Huambo,Cash,4548,1285,0.282541777,,
1/5/2023,NOSSO SUPERMERCADO ,Marta Silva,Marta,Silva,Logistics,Huambo,PayPal,4707,672,0.142766093,,
12/3/2022,"TESLA, INC. ",Ana Paula,Ana,Paula,Sales,Luanda,PayPal,3207,777,0.242282507,,
1/23/2023,KERO ,Ana Paula,Ana,Paula,Finance,Luanda,PayPal,4506,1246,0.276520195,,
11/1/2024,WALMART INTL ,Carlos Miguel,Carlos,Miguel,IT,Luanda,Cash,7660,1354,0.176762402,,
8/22/2022,KERO ,Carlos Miguel,Carlos,Miguel,Sales,Benguela,Cash,6988,1635,0.233972524,,
1/13/2023,SHOPRITE ANGOLA ,Jose Manuel,Jose,Manuel,Finance,Luanda,Cash,6494,1595,0.245611334,,
6/2/2023,ARZAMART ,Jose Manuel,Jose,Manuel,Logistics,Huambo,Transfer,7139,1483,0.207732175,,
6/30/2022,NOSSO SUPERMERCADO ,Ana Paula,Ana,Paula,Sales,Benguela,Cash,6088,568,0.093298292,,
5/2/2023,SHOPRITE ANGOLA ,Luiz Fernando,Luiz,Fernando,Finance,Luanda,Card,7933,1960,0.247069205,,
2/14/2024,ARZAMART ,Carlos Miguel,Carlos,Miguel,Sales,Luanda,Transfer,3204,1354,0.422596754,,
6/30/2023,"TESLA, INC. ",Marta Silva,Marta,Silva,Logistics,Huambo,PayPal,6745,713,0.105707932,,
2/17/2023,NOSSO SUPERMERCADO ,Luiz Fernando,Luiz,Fernando,Sales,Luanda,Transfer,7266,614,0.084503165,,
9/22/2023,KERO ,Ana Paula,Ana,Paula,IT,Luanda,Transfer,7654,959,0.125293964,,
2/27/2024,"TESLA, INC. ",Luiz Fernando,Luiz,Fernando,Logistics,Huambo,Cash,6513,1491,0.228926762,,
10/5/2023,KERO ,Carlos Miguel,Carlos,Miguel,Logistics,Huambo,Card,3875,1850,0.477419355,,
3/20/2023,ARZAMART ,Marta Silva,Marta,Silva,Logistics,Luanda,PayPal,5729,581,0.101413859,,
10/11/2022,AMAZON.CO ,Ana Paula,Ana,Paula,Logistics,Luanda,Cash,3171,1069,0.337117629,,
5/23/2023,AMAZON.CO ,Luiz Fernando,Luiz,Fernando,Logistics,Luanda,PayPal,3405,1726,0.506901615,,
1/4/2022,AMAZON.CO ,Pedro Alves,Pedro,Alves,Sales,Luanda,Transfer,5605,1708,0.304727921,,
6/7/2022,SHOPRITE ANGOLA ,Carlos Miguel,Carlos,Miguel,IT,Luanda,Cash,3286,682,0.20754717,,
12/9/2023,MAXI CASH ,Luiz Fernando,Luiz,Fernando,Sales,Benguela,Cash,7444,1860,0.249865664,,
7/31/2022,MAXI CASH ,Ana Paula,Ana,Paula,Logistics,Huambo,PayPal,7304,1570,0.214950712,,
7/10/2023,SHOPRITE ANGOLA ,Ana Paula,Ana,Paula,Sales,Luanda,PayPal,5663,1037,0.183118488,,
3/7/2024,ARZAMART ,Carlos Miguel,Carlos,Miguel,Logistics,Huambo,PayPal,3541,892,0.251906241,,
10/2/2023,AMAZON.CO ,Carlos Miguel,Carlos,Miguel,Logistics,Luanda,Transfer,5726,1340,0.234020258,,
12/29/2022,MAXI CASH ,Pedro Alves,Pedro,Alves,Sales,Luanda,Transfer,4667,1797,0.385043925,,
7/13/2022,SHOPRITE ANGOLA ,Ana Paula,Ana,Paula,IT,Luanda,PayPal,6786,1731,0.255083996,,
8/21/2022,MAXI CASH ,Carlos Miguel,Carlos,Miguel,Logistics,Luanda,Card,6291,1571,0.249721825,,
4/8/2023,SHOPRITE ANGOLA ,Luiz Fernando,Luiz,Fernando,Finance,Luanda,Card,5566,1342,0.241106719,,
12/23/2023,KERO ,Ana Paula,Ana,Paula,IT,Luanda,PayPal,4436,959,0.216185753,,
8/31/2023,ARZAMART ,Ana Paula,Ana,Paula,IT,Luanda,Cash,4869,1051,0.215855412,,
9/10/2023,WALMART INTL ,Pedro Alves,Pedro,Alves,Logistics,Huambo,PayPal,6385,1395,0.218480814,,
1/19/2023,MAXI CASH ,Ana Paula,Ana,Paula,Logistics,Huambo,Cash,4178,1325,0.317137386,,
12/15/2023,NOSSO SUPERMERCADO ,Luiz Fernando,Luiz,Fernando,Logistics,Luanda,Card,5306,1446,0.272521674,,
1/14/2024,AMAZON.CO ,Ana Paula,Ana,Paula,Finance,Luanda,Card,5855,1393,0.237916311,,
1/11/2023,ARZAMART ,Luiz Fernando,Luiz,Fernando,Sales,Benguela,PayPal,4218,1586,0.376007587,,
2/26/2023,SHOPRITE ANGOLA ,Marta Silva,Marta,Silva,Sales,Luanda,Cash,7420,1451,0.195552561,,
9/3/2024,AMAZON.CO ,Ana Paula,Ana,Paula,Logistics,Luanda,Transfer,5085,885,0.174041298,,
3/23/2022,KERO ,Ana Paula,Ana,Paula,Sales,Luanda,PayPal,6618,1536,0.232094288,,
1/28/2022,MAXI CASH ,Marta Silva,Marta,Silva,Sales,Luanda,PayPal,7268,601,0.082691249,,
12/28/2022,NOSSO SUPERMERCADO ,Marta Silva,Marta,Silva,Finance,Luanda,Card,5206,833,0.160007683,,
2/14/2024,NOSSO SUPERMERCADO ,Pedro Alves,Pedro,Alves,Sales,Luanda,Card,7714,1816,0.235416127,,
1/30/2024,KERO ,Luiz Fernando,Luiz,Fernando,Logistics,Huambo,Transfer,7053,1150,0.163051184,,
8/9/2023,"TESLA, INC. ",Luiz Fernando,Luiz,Fernando,IT,Luanda,PayPal,7187,1427,0.198552943,,
6/22/2022,SHOPRITE ANGOLA ,Pedro Alves,Pedro,Alves,Sales,Benguela,Cash,6706,1834,0.27348643,,
5/23/2022,MAXI CASH ,Jose Manuel,Jose,Manuel,Finance,Luanda,Transfer,3534,1654,0.468024901,,
7/22/2023,WALMART INTL ,Luiz Fernando,Luiz,Fernando,IT,Luanda,Card,5448,1544,0.283406755,,
5/4/2022,ARZAMART ,Pedro Alves,Pedro,Alves,Sales,Benguela,PayPal,3848,1045,0.271569647,,
1/9/2023,NOSSO SUPERMERCADO ,Ana Paula,Ana,Paula,Sales,Luanda,PayPal,7525,1968,0.261528239,,
7/14/2022,NOSSO SUPERMERCADO ,Ana Paula,Ana,Paula,Sales,Benguela,Transfer,3738,1721,0.460406635,,
1/23/2022,WALMART INTL ,Ana Paula,Ana,Paula,Logistics,Huambo,Card,4516,1051,0.232728078,,
1/30/2023,MAXI CASH ,Pedro Alves,Pedro,Alves,Finance,Luanda,Card,6431,778,0.12097652,,
12/11/2023,KERO ,Luiz Fernando,Luiz,Fernando,Sales,Luanda,PayPal,5268,684,0.129840547,,
2/19/2024,KERO ,Pedro Alves,Pedro,Alves,Sales,Benguela,Transfer,5491,637,0.116008013,,
12/30/2022,"TESLA, INC. ",Luiz Fernando,Luiz,Fernando,Logistics,Luanda,Card,4598,1866,0.405828621,,
6/24/2022,WALMART INTL ,Ana Paula,Ana,Paula,Sales,Benguela,Cash,7404,1455,0.196515397,,
3/27/2022,MAXI CASH ,Jose Manuel,Jose,Manuel,Logistics,Huambo,Card,6224,1806,0.290167095,,
2/4/2024,"TESLA, INC. ",Luiz Fernando,Luiz,Fernando,IT,Luanda,Card,3001,1244,0.414528491,,
7/27/2022,AMAZON.CO ,Pedro Alves,Pedro,Alves,Finance,Luanda,Transfer,5802,1425,0.245604964,,
12/24/2023,SHOPRITE ANGOLA ,Jose Manuel,Jose,Manuel,Sales,Luanda,Cash,5015,1388,0.276769691,,
5/19/2022,SHOPRITE ANGOLA ,Marta Silva,Marta,Silva,IT,Luanda,Transfer,3366,1657,0.492275698,,
9/8/2022,NOSSO SUPERMERCADO ,Ana Paula,Ana,Paula,Sales,Benguela,Cash,4652,1341,0.288263113,,
11/15/2022,AMAZON.CO ,Marta Silva,Marta,Silva,Logistics,Huambo,Transfer,3402,1769,0.519988242,,
7/21/2022,KERO ,Luiz Fernando,Luiz,Fernando,Sales,Luanda,Card,7695,906,0.117738791,,
12/27/2023,ARZAMART ,Pedro Alves,Pedro,Alves,Sales,Benguela,Transfer,7955,1630,0.204902577,,
11/12/2022,ARZAMART ,Ana Paula,Ana,Paula,IT,Luanda,Card,4220,645,0.152843602,,
4/17/2023,WALMART INTL ,Luiz Fernando,Luiz,Fernando,Logistics,Luanda,Cash,5257,772,0.146851817,,
2/6/2023,WALMART INTL ,Luiz Fernando,Luiz,Fernando,Sales,Benguela,Cash,6626,502,0.075762149,,
11/13/2023,MAXI CASH ,Luiz Fernando,Luiz,Fernando,Sales,Benguela,PayPal,7513,891,0.118594436,,
7/15/2023,KERO ,Carlos Miguel,Carlos,Miguel,Sales,Luanda,PayPal,3656,882,0.241247265,,
11/23/2023,MAXI CASH ,Carlos Miguel,Carlos,Miguel,Sales,Luanda,Cash,3810,1030,0.270341207,,
7/30/2022,NOSSO SUPERMERCADO ,Jose Manuel,Jose,Manuel,Finance,Luanda,Card,6998,1184,0.169191197,,
1/15/2024,WALMART INTL ,Luiz Fernando,Luiz,Fernando,Finance,Luanda,Cash,6511,1154,0.177238519,,
5/20/2023,SHOPRITE ANGOLA ,Pedro Alves,Pedro,Alves,Sales,Benguela,Transfer,5052,1325,0.262272367,,
2/8/2023,MAXI CASH ,Carlos Miguel,Carlos,Miguel,IT,Luanda,Card,4461,642,0.143913921,,
6/20/2023,SHOPRITE ANGOLA ,Ana Paula,Ana,Paula,IT,Luanda,Card,5747,1692,0.294414477,,
10/6/2023,MAXI CASH ,Luiz Fernando,Luiz,Fernando,IT,Luanda,Cash,3962,1372,0.346289753,,
9/1/2023,MAXI CASH ,Luiz Fernando,Luiz,Fernando,Sales,Luanda,Cash,6622,1495,0.225762609,,
6/13/2022,NOSSO SUPERMERCADO ,Marta Silva,Marta,Silva,Finance,Luanda,PayPal,4862,1027,0.211229947,,
2/1/2022,"TESLA, INC. ",Marta Silva,Marta,Silva,Finance,Luanda,Cash,7928,1697,0.214051463,,
11/10/2023,WALMART INTL ,Ana Paula,Ana,Paula,Logistics,Luanda,Card,3889,1641,0.421959373,,
7/13/2022,NOSSO SUPERMERCADO ,Marta Silva,Marta,Silva,Finance,Luanda,Cash,3113,946,0.303886926,,
9/5/2022,SHOPRITE ANGOLA ,Marta Silva,Marta,Silva,Sales,Benguela,Card,3574,1376,0.385002798,,
3/27/2023,SHOPRITE ANGOLA ,Jose Manuel,Jose,Manuel,Logistics,Huambo,PayPal,4255,1279,0.300587544,,
12/3/2022,SHOPRITE ANGOLA ,Pedro Alves,Pedro,Alves,Logistics,Huambo,Transfer,4122,1519,0.368510432,,
9/14/2023,NOSSO SUPERMERCADO ,Carlos Miguel,Carlos,Miguel,Logistics,Luanda,Cash,3654,991,0.271209633,,
6/3/2023,SHOPRITE ANGOLA ,Luiz Fernando,Luiz,Fernando,Finance,Luanda,Cash,5679,994,0.175030815,,
9/26/2023,MAXI CASH ,Jose Manuel,Jose,Manuel,Logistics,Huambo,Cash,3110,554,0.178135048,,
8/11/2022,"TESLA, INC. ",Carlos Miguel,Carlos,Miguel,IT,Luanda,PayPal,5536,1843,0.33291185,,
11/18/2023,ARZAMART ,Pedro Alves,Pedro,Alves,Finance,Luanda,Cash,5516,1998,0.362218999,,
2/5/2023,NOSSO SUPERMERCADO ,Marta Silva,Marta,Silva,Sales,Benguela,Cash,5259,1888,0.359003613,,
5/6/2023,KERO ,Ana Paula,Ana,Paula,Sales,Luanda,Card,4332,1446,0.333795014,,
6/15/2023,SHOPRITE ANGOLA ,Pedro Alves,Pedro,Alves,Sales,Benguela,Card,7923,1208,0.1524675,,
4/12/2023,WALMART INTL ,Marta Silva,Marta,Silva,Finance,Luanda,Card,4025,1231,0.305838509,,
1/13/2023,WALMART INTL ,Marta Silva,Marta,Silva,IT,Luanda,Cash,3815,1238,0.324508519,,
2/14/2022,MAXI CASH ,Jose Manuel,Jose,Manuel,IT,Luanda,Card,4208,979,0.232652091,,
5/17/2022,"TESLA, INC. ",Jose Manuel,Jose,Manuel,Sales,Luanda,Transfer,5427,1651,0.304219643,,
10/16/2023,SHOPRITE ANGOLA ,Marta Silva,Marta,Silva,Sales,Luanda,PayPal,6548,583,0.08903482,,
9/16/2023,MAXI CASH ,Ana Paula,Ana,Paula,Sales,Luanda,Cash,5276,632,0.119787718,,
12/3/2022,NOSSO SUPERMERCADO ,Carlos Miguel,Carlos,Miguel,Logistics,Huambo,Cash,4287,1250,0.291579193,,
1/22/2023,NOSSO SUPERMERCADO ,Jose Manuel,Jose,Manuel,Sales,Benguela,Transfer,7966,1871,0.234873211,,
4/27/2023,WALMART INTL ,Ana Paula,Ana,Paula,Sales,Luanda,PayPal,6168,1925,0.312094682,,
2/23/2023,KERO ,Ana Paula,Ana,Paula,Sales,Benguela,PayPal,6423,683,0.106336603,,
11/13/2022,NOSSO SUPERMERCADO ,Marta Silva,Marta,Silva,IT,Luanda,Cash,7324,1946,0.265701802,,
12/18/2023,"TESLA, INC. ",Marta Silva,Marta,Silva,Finance,Luanda,Cash,6030,1884,0.312437811,,
9/13/2022,MAXI CASH ,Luiz Fernando,Luiz,Fernando,Logistics,Luanda,PayPal,6771,1049,0.154925417,,
5/28/2023,WALMART INTL ,Pedro Alves,Pedro,Alves,Finance,Luanda,Cash,7972,746,0.093577521,,
1/8/2023,WALMART INTL ,Jose Manuel,Jose,Manuel,Sales,Luanda,Card,3701,526,0.14212375,,
12/6/2023,WALMART INTL ,Carlos Miguel,Carlos,Miguel,Logistics,Huambo,Cash,6391,600,0.093882022,,
6/17/2023,SHOPRITE ANGOLA ,Luiz Fernando,Luiz,Fernando,Logistics,Huambo,Transfer,7468,1773,0.237412962,,
8/14/2022,KERO ,Carlos Miguel,Carlos,Miguel,Finance,Luanda,Cash,7860,741,0.094274809,,
11/2/2023,NOSSO SUPERMERCADO ,Jose Manuel,Jose,Manuel,IT,Luanda,Card,7148,1497,0.209429211,,
12/26/2022,ARZAMART ,Luiz Fernando,Luiz,Fernando,Logistics,Luanda,Transfer,4230,513,0.121276596,,
1/2/2024,ARZAMART ,Marta Silva,Marta,Silva,Logistics,Luanda,Cash,3971,1377,0.346764039,,
8/31/2022,NOSSO SUPERMERCADO ,Carlos Miguel,Carlos,Miguel,IT,Luanda,Card,4664,1053,0.22577187,,
4/12/2023,ARZAMART ,Carlos Miguel,Carlos,Miguel,Sales,Luanda,PayPal,5094,811,0.15920691,,
9/9/2022,"TESLA, INC. ",Carlos Miguel,Carlos,Miguel,Logistics,Luanda,Cash,6241,1351,0.216471719,,
3/25/2023,NOSSO SUPERMERCADO ,Ana Paula,Ana,Paula,IT,Luanda,Cash,5991,877,0.146386246,,
5/26/2023,MAXI CASH ,Marta Silva,Marta,Silva,Finance,Luanda,Card,4725,1294,0.273862434,,
12/14/2023,MAXI CASH ,Ana Paula,Ana,Paula,IT,Luanda,Cash,6224,530,0.085154242,,
3/11/2022,KERO ,Luiz Fernando,Luiz,Fernando,Logistics,Luanda,Transfer,4309,1294,0.300301694,,
1/27/2023,KERO ,Marta Silva,Marta,Silva,Sales,Benguela,Card,4411,885,0.200634777,,
10/3/2022,WALMART INTL ,Pedro Alves,Pedro,Alves,Sales,Benguela,Transfer,5134,1323,0.257693806,,
8/2/2023,WALMART INTL ,Carlos Miguel,Carlos,Miguel,Sales,Luanda,Card,6044,1025,0.169589676,,
1/30/2023,WALMART INTL ,Pedro Alves,Pedro,Alves,Sales,Benguela,Cash,5145,1096,0.213022352,,
6/2/2023,WALMART INTL ,Pedro Alves,Pedro,Alves,Logistics,Huambo,Cash,4344,1865,0.429327808,,
3/6/2023,SHOPRITE ANGOLA ,Pedro Alves,Pedro,Alves,Sales,Luanda,Card,4252,660,0.155221072,,
1/6/2023,ARZAMART ,Pedro Alves,Pedro,Alves,IT,Luanda,Card,7342,1467,0.199809316,,
11/1/2022,KERO ,Marta Silva,Marta,Silva,Sales,Luanda,Cash,4055,1169,0.288286067,,
10/3/2024,WALMART INTL ,Carlos Miguel,Carlos,Miguel,IT,Luanda,Card,5327,1960,0.367936925,,
2/19/2023,MAXI CASH ,Jose Manuel,Jose,Manuel,Logistics,Luanda,Transfer,3180,829,0.260691824,,
4/3/2022,SHOPRITE ANGOLA ,Marta Silva,Marta,Silva,Sales,Benguela,Transfer,3507,,,Profit missing - likely pending allocation,Profit margin unavailable — revenue missing or zero
10/17/2022,ARZAMART ,Marta Silva,Marta,Silva,Logistics,Huambo,Transfer,5628,,,Profit missing - likely pending allocation,Profit margin unavailable — revenue missing or zero
12/6/2023,WALMART INTL ,Ana Paula,Ana,Paula,Sales,Luanda,Cash,4151,,,Profit missing - likely pending allocation,Profit margin unavailable — revenue missing or zero
3/15/2023,NOSSO SUPERMERCADO ,Carlos Miguel,Carlos,Miguel,Sales,Luanda,Card,4030,1522,0.377667494,,
12/2/2024,SHOPRITE ANGOLA ,Marta Silva,Marta,Silva,Finance,Luanda,Cash,4938,854,0.172944512,,
4/12/2023,KERO ,Pedro Alves,Pedro,Alves,Logistics,Huambo,PayPal,4476,1341,0.299597855,,
8/8/2023,ARZAMART ,Ana Paula,Ana,Paula,Logistics,Luanda,PayPal,3614,1765,0.488378528,,
8/14/2023,KERO ,Pedro Alves,Pedro,Alves,Sales,Benguela,Transfer,7247,1805,0.24906858,,
11/30/2022,MAXI CASH ,Luiz Fernando,Luiz,Fernando,Sales,Luanda,Cash,4438,1335,0.300811176,,
1/5/2022,ARZAMART ,Ana Paula,Ana,Paula,Sales,Luanda,PayPal,6856,965,0.140752625,,
9/14/2023,AMAZON.CO ,Carlos Miguel,Carlos,Miguel,Sales,Benguela,PayPal,6705,1362,0.203131991,,
7/20/2022,AMAZON.CO ,Marta Silva,Marta,Silva,Finance,Luanda,Card,7270,,,Profit missing - likely pending allocation,Profit margin unavailable — revenue missing or zero
7/28/2023,WALMART INTL ,Luiz Fernando,Luiz,Fernando,Logistics,Huambo,Card,6547,1703,0.260119139,,
7/26/2023,SHOPRITE ANGOLA ,Ana Paula,Ana,Paula,Logistics,Luanda,Cash,6548,1494,0.228161271,,
6/12/2022,WALMART INTL ,Marta Silva,Marta,Silva,Sales,Luanda,Transfer,5890,720,0.122241087,,
12/6/2022,WALMART INTL ,Ana Paula,Ana,Paula,Logistics,Huambo,Transfer,7207,1763,0.244623283,,
6/11/2022,AMAZON.CO ,Luiz Fernando,Luiz,Fernando,IT,Luanda,PayPal,7058,1992,0.282232927,,
10/4/2022,"TESLA, INC. ",Luiz Fernando,Luiz,Fernando,Sales,Luanda,Cash,5319,1439,0.270539575,,
10/14/2023,NOSSO SUPERMERCADO ,Luiz Fernando,Luiz,Fernando,Logistics,Huambo,PayPal,5673,863,0.152124097,,
1/26/2023,"TESLA, INC. ",Carlos Miguel,Carlos,Miguel,Sales,Luanda,Card,5303,1563,0.294738827,,
3/12/2022,AMAZON.CO ,Ana Paula,Ana,Paula,Finance,Luanda,PayPal,3525,,,Profit missing - likely pending allocation,Profit margin unavailable — revenue missing or zero
4/7/2023,NOSSO SUPERMERCADO ,Carlos Miguel,Carlos,Miguel,Sales,Luanda,Card,5577,1067,0.191321499,,
8/8/2023,NOSSO SUPERMERCADO ,Luiz Fernando,Luiz,Fernando,Sales,Luanda,Cash,7500,606,0.0808,,
5/3/2022,KERO ,Luiz Fernando,Luiz,Fernando,IT,Luanda,Card,5595,1903,0.340125112,,
6/23/2023,MAXI CASH ,Pedro Alves,Pedro,Alves,IT,Luanda,Cash,5690,993,0.174516696,,
9/12/2022,NOSSO SUPERMERCADO ,Luiz Fernando,Luiz,Fernando,Sales,Benguela,PayPal,4305,1392,0.323344948,,
2/20/2022,WALMART INTL ,Jose Manuel,Jose,Manuel,Logistics,Huambo,Card,3648,990,0.271381579,,
8/15/2022,AMAZON.CO ,Ana Paula,Ana,Paula,Sales,Benguela,Cash,4037,1699,0.420857072,,
12/28/2022,NOSSO SUPERMERCADO ,Ana Paula,Ana,Paula,Logistics,Huambo,Card,3312,1703,0.514190821,,
9/22/2023,AMAZON.CO ,Pedro Alves,Pedro,Alves,Sales,Luanda,Card,6804,1724,0.253380364,,
5/17/2022,MAXI CASH ,Pedro Alves,Pedro,Alves,Finance,Luanda,Transfer,5737,1556,0.271221893,,
7/11/2023,MAXI CASH ,Ana Paula,Ana,Paula,Logistics,Huambo,Card,6542,796,0.121675329,,
9/3/2022,KERO ,Luiz Fernando,Luiz,Fernando,Finance,Luanda,Cash,6320,1049,0.165981013,,
5/31/2023,NOSSO SUPERMERCADO ,Jose Manuel,Jose,Manuel,Logistics,Luanda,Card,5195,1491,0.287006737,,
7/25/2023,KERO ,Carlos Miguel,Carlos,Miguel,Logistics,Huambo,Cash,4169,,,Profit missing - likely pending allocation,Profit margin unavailable — revenue missing or zero
12/19/2023,SHOPRITE ANGOLA ,Ana Paula,Ana,Paula,Sales,Luanda,Transfer,7570,1093,0.144385733,,
8/9/2023,SHOPRITE ANGOLA ,Luiz Fernando,Luiz,Fernando,Sales,Luanda,Cash,4903,1581,0.322455639,,
4/8/2022,MAXI CASH ,Luiz Fernando,Luiz,Fernando,Logistics,Luanda,Card,7411,1238,0.167048981,,
9/25/2022,SHOPRITE ANGOLA ,Marta Silva,Marta,Silva,IT,Luanda,Transfer,4772,1199,0.251257334,,
7/19/2022,MAXI CASH ,Jose Manuel,Jose,Manuel,Logistics,Luanda,Transfer,6748,,,Profit missing - likely pending allocation,Profit margin unavailable — revenue missing or zero
1/7/2022,MAXI CASH ,Luiz Fernando,Luiz,Fernando,Logistics,Luanda,PayPal,4114,962,0.233835683,,
7/1/2022,KERO ,Jose Manuel,Jose,Manuel,Logistics,Luanda,PayPal,0,1871,,,Profit margin unavailable — revenue missing or zero
1/4/2022,AMAZON.CO ,Jose Manuel,Jose,Manuel,Logistics,Huambo,Card,4718,,,Profit missing - likely pending allocation,Profit margin unavailable — revenue missing or zero
3/8/2024,NOSSO SUPERMERCADO ,Jose Manuel,Jose,Manuel,IT,Luanda,Transfer,3139,1762,0.561325263,,
6/5/2023,MAXI CASH ,Luiz Fernando,Luiz,Fernando,Finance,Luanda,PayPal,4548,1551,0.341029024,,
9/24/2022,WALMART INTL ,Carlos Miguel,Carlos,Miguel,Logistics,Huambo,Cash,4046,694,0.171527435,,
11/25/2023,NOSSO SUPERMERCADO ,Luiz Fernando,Luiz,Fernando,Finance,Luanda,Card,6739,744,0.110402137,,
2/25/2023,MAXI CASH ,Pedro Alves,Pedro,Alves,Finance,Luanda,PayPal,3652,1759,0.481653888,,
6/16/2022,AMAZON.CO ,Carlos Miguel,Carlos,Miguel,Logistics,Huambo,Card,7943,1977,0.248898401,,
4/24/2023,AMAZON.CO ,Ana Paula,Ana,Paula,Logistics,Huambo,Cash,6581,1362,0.206959429,,
12/20/2023,AMAZON.CO ,Carlos Miguel,Carlos,Miguel,Logistics,Luanda,Cash,0,1094,,,Profit margin unavailable — revenue missing or zero
4/29/2023,ARZAMART ,Carlos Miguel,Carlos,Miguel,Sales,Benguela,Transfer,6804,1866,0.274250441,,
11/17/2022,WALMART INTL ,Carlos Miguel,Carlos,Miguel,Logistics,Huambo,PayPal,3884,,,Profit missing - likely pending allocation,Profit margin unavailable — revenue missing or zero
10/31/2022,MAXI CASH ,Carlos Miguel,Carlos,Miguel,Logistics,Luanda,Cash,4980,1994,0.400401606,,
11/2/2022,WALMART INTL ,Marta Silva,Marta,Silva,Sales,Benguela,Card,4489,1913,0.426152818,,
2/27/2022,MAXI CASH ,Pedro Alves,Pedro,Alves,IT,Luanda,Cash,6036,,,Profit missing - likely pending allocation,Profit margin unavailable — revenue missing or zero
1/3/2023,AMAZON.CO ,Marta Silva,Marta,Silva,Logistics,Huambo,Transfer,4695,,,Profit missing - likely pending allocation,Profit margin unavailable — revenue missing or zero
9/25/2022,"TESLA, INC. ",Luiz Fernando,Luiz,Fernando,Finance,Luanda,Card,5591,,,Profit missing - likely pending allocation,Profit margin unavailable — revenue missing or zero
5/17/2023,WALMART INTL ,Marta Silva,Marta,Silva,Sales,Benguela,Card,3862,,,Profit missing - likely pending allocation,Profit margin unavailable — revenue missing or zero
7/18/2022,AMAZON.CO ,Pedro Alves,Pedro,Alves,Finance,Luanda,Cash,7637,816,0.106848239,,
9/16/2023,"TESLA, INC. ",Carlos Miguel,Carlos,Miguel,Finance,Luanda,Transfer,6493,,,Profit missing - likely pending allocation,Profit margin unavailable — revenue missing or zero
1/28/2022,MAXI CASH ,Jose Manuel,Jose,Manuel,IT,Luanda,Transfer,4998,1702,0.340536214,,
5/31/2022,KERO ,Marta Silva,Marta,Silva,IT,Luanda,PayPal,6542,1577,0.24105778,,
7/23/2023,WALMART INTL ,Marta Silva,Marta,Silva,Logistics,Huambo,Transfer,4961,1497,0.301753679,,
2/9/2023,WALMART INTL ,Jose Manuel,Jose,Manuel,Sales,Benguela,Cash,6236,,,Profit missing - likely pending allocation,Profit margin unavailable — revenue missing or zero
8/15/2022,WALMART INTL ,Carlos Miguel,Carlos,Miguel,Finance,Luanda,Cash,5878,,,Profit missing - likely pending allocation,Profit margin unavailable — revenue missing or zero
5/12/2023,"TESLA, INC. ",Marta Silva,Marta,Silva,Logistics,Luanda,Cash,4078,1956,0.479646886,,
1/27/2023,SHOPRITE ANGOLA ,Ana Paula,Ana,Paula,Finance,Luanda,Cash,4549,,,Profit missing - likely pending allocation,Profit margin unavailable — revenue missing or zero
1/9/2023,SHOPRITE ANGOLA ,Marta Silva,Marta,Silva,Logistics,Huambo,PayPal,5065,764,0.150839092,,
12/9/2022,SHOPRITE ANGOLA ,Jose Manuel,Jose,Manuel,Sales,Benguela,PayPal,6797,890,0.130940121,,
8/29/2023,NOSSO SUPERMERCADO ,Jose Manuel,Jose,Manuel,Logistics,Huambo,Card,5316,1805,0.339541008,,
3/20/2022,WALMART INTL ,Ana Paula,Ana,Paula,Sales,Luanda,PayPal,4905,631,0.128644241,,
1/14/2024,SHOPRITE ANGOLA ,Pedro Alves,Pedro,Alves,Logistics,Huambo,PayPal,7523,1891,0.251362488,,
4/20/2022,ARZAMART ,Ana Paula,Ana,Paula,Sales,Benguela,Cash,7687,724,0.094184988,,
4/5/2022,AMAZON.CO ,Pedro Alves,Pedro,Alves,Sales,Benguela,Cash,5853,1364,0.233042884,,
10/21/2022,MAXI CASH ,Marta Silva,Marta,Silva,Finance,Luanda,PayPal,4963,,,Profit missing - likely pending allocation,Profit margin unavailable — revenue missing or zero
8/10/2022,KERO ,Marta Silva,Marta,Silva,Logistics,Huambo,Transfer,6076,1965,0.323403555,,
3/13/2022,NOSSO SUPERMERCADO ,Marta Silva,Marta,Silva,IT,Luanda,Transfer,5307,1693,0.319012625,,
3/11/2023,MAXI CASH ,Carlos Miguel,Carlos,Miguel,Logistics,Luanda,Cash,4324,605,0.139916744,,
1/31/2023,NOSSO SUPERMERCADO ,Luiz Fernando,Luiz,Fernando,IT,Luanda,Cash,5039,1376,0.273070054,,
9/19/2022,KERO ,Ana Paula,Ana,Paula,Logistics,Luanda,PayPal,7928,1996,0.251765893,,
10/20/2023,SHOPRITE ANGOLA ,Carlos Miguel,Carlos,Miguel,Sales,Luanda,Cash,3583,1607,0.448506838,,
11/24/2023,KERO ,Carlos Miguel,Carlos,Miguel,Logistics,Luanda,Cash,5054,,,Profit missing - likely pending allocation,Profit margin unavailable — revenue missing or zero
1/31/2024,WALMART INTL ,Ana Paula,Ana,Paula,Finance,Luanda,Transfer,4789,1618,0.33785759,,
3/31/2023,SHOPRITE ANGOLA ,Pedro Alves,Pedro,Alves,Logistics,Luanda,Card,6781,1337,0.197168559,,
7/1/2022,SHOPRITE ANGOLA ,Marta Silva,Marta,Silva,Sales,Benguela,Cash,5615,1154,0.205520926,,
3/17/2022,WALMART INTL ,Carlos Miguel,Carlos,Miguel,Finance,Luanda,Cash,4093,1522,0.371854386,,
1/3/2023,ARZAMART ,Pedro Alves,Pedro,Alves,Logistics,Huambo,Card,7445,670,0.089993284,,
12/1/2023,ARZAMART ,Luiz Fernando,Luiz,Fernando,Sales,Luanda,Transfer,4639,1495,0.32226773,,
12/1/2022,AMAZON.CO ,Carlos Miguel,Carlos,Miguel,Sales,Luanda,Card,3095,1773,0.572859451,,
2/17/2022,MAXI CASH ,Ana Paula,Ana,Paula,Logistics,Huambo,Cash,6316,619,0.098005066,,
1/23/2023,NOSSO SUPERMERCADO ,Luiz Fernando,Luiz,Fernando,Logistics,Huambo,Cash,7055,966,0.136924167,,
1/5/2024,NOSSO SUPERMERCADO ,Luiz Fernando,Luiz,Fernando,Sales,Luanda,Transfer,6739,890,0.132067072,,
3/18/2022,KERO ,Luiz Fernando,Luiz,Fernando,Logistics,Huambo,Cash,3341,974,0.291529482,,
3/3/2024,WALMART INTL ,Ana Paula,Ana,Paula,IT,Luanda,PayPal,3667,,,Profit missing - likely pending allocation,Profit margin unavailable — revenue missing or zero
3/17/2023,"TESLA, INC. ",Marta Silva,Marta,Silva,IT,Luanda,Transfer,6572,,,Profit missing - likely pending allocation,Profit margin unavailable — revenue missing or zero
10/1/2023,WALMART INTL ,Pedro Alves,Pedro,Alves,Finance,Luanda,Transfer,5392,1829,0.339206231,,
8/19/2022,NOSSO SUPERMERCADO ,Pedro Alves,Pedro,Alves,Sales,Benguela,Transfer,4976,,,Profit missing - likely pending allocation,Profit margin unavailable — revenue missing or zero
12/27/2023,AMAZON.CO ,Carlos Miguel,Carlos,Miguel,Finance,Luanda,Cash,5796,792,0.136645963,,
8/7/2022,ARZAMART ,Jose Manuel,Jose,Manuel,IT,Luanda,Cash,3833,1294,0.337594573,,
3/14/2022,KERO ,Pedro Alves,Pedro,Alves,Logistics,Huambo,PayPal,5014,1488,0.296769047,,
10/27/2023,AMAZON.CO ,Marta Silva,Marta,Silva,Logistics,Huambo,Card,7647,,,Profit missing - likely pending allocation,Profit margin unavailable — revenue missing or zero
8/30/2022,AMAZON.CO ,Carlos Miguel,Carlos,Miguel,Logistics,Huambo,PayPal,4521,,,Profit missing - likely pending allocation,Profit margin unavailable — revenue missing or zero
12/15/2022,AMAZON.CO ,Marta Silva,Marta,Silva,Logistics,Huambo,PayPal,6722,1693,0.251859566,,
8/19/2023,NOSSO SUPERMERCADO ,Marta Silva,Marta,Silva,Sales,Benguela,Cash,6600,,,Profit missing - likely pending allocation,Profit margin unavailable — revenue missing or zero
6/8/2022,SHOPRITE ANGOLA ,Luiz Fernando,Luiz,Fernando,Logistics,Huambo,Card,5711,,,Profit missing - likely pending allocation,Profit margin unavailable — revenue missing or zero
10/15/2023,WALMART INTL ,Jose Manuel,Jose,Manuel,Logistics,Huambo,Card,5203,562,0.108014607,,
1/21/2023,MAXI CASH ,Luiz Fernando,Luiz,Fernando,Logistics,Huambo,Cash,3407,1964,0.576460229,,
1/7/2022,"TESLA, INC. ",Luiz Fernando,Luiz,Fernando,IT,Luanda,Card,5368,752,0.140089419,,
11/14/2023,"TESLA, INC. ",Marta Silva,Marta,Silva,Sales,Luanda,Cash,4071,1726,0.423974453,,
5/28/2023,SHOPRITE ANGOLA ,Carlos Miguel,Carlos,Miguel,IT,Luanda,PayPal,7813,1707,0.218482017,,
6/3/2023,MAXI CASH ,Luiz Fernando,Luiz,Fernando,Logistics,Huambo,PayPal,3763,755,0.200637789,,
6/24/2023,AMAZON.CO ,Marta Silva,Marta,Silva,IT,Luanda,PayPal,6629,702,0.105898326,,
3/1/2024,NOSSO SUPERMERCADO ,Marta Silva,Marta,Silva,Logistics,Huambo,Card,3640,1879,0.516208791,,
8/28/2023,AMAZON.CO ,Luiz Fernando,Luiz,Fernando,IT,Luanda,PayPal,3559,1831,0.514470357,,
2/7/2022,SHOPRITE ANGOLA ,Luiz Fernando,Luiz,Fernando,Logistics,Luanda,PayPal,5220,951,0.182183908,,
2/15/2024,MAXI CASH ,Pedro Alves,Pedro,Alves,IT,Luanda,Cash,5146,1932,0.375437233,,
3/25/2022,MAXI CASH ,Marta Silva,Marta,Silva,Logistics,Luanda,PayPal,4538,523,0.115249008,,
10/18/2023,SHOPRITE ANGOLA ,Jose Manuel,Jose,Manuel,Sales,Luanda,Cash,4256,1097,0.257753759,,
10/11/2022,NOSSO SUPERMERCADO ,Carlos Miguel,Carlos,Miguel,Finance,Luanda,Cash,4772,1365,0.286043588,,
4/7/2023,"TESLA, INC. ",Luiz Fernando,Luiz,Fernando,IT,Luanda,Transfer,4548,1846,0.4058927,,
8/29/2023,MAXI CASH ,Marta Silva,Marta,Silva,Sales,Benguela,Transfer,6507,1078,0.165667742,,
10/19/2023,ARZAMART ,Jose Manuel,Jose,Manuel,Logistics,Huambo,Cash,3854,1984,0.514789829,,
8/31/2022,NOSSO SUPERMERCADO ,Jose Manuel,Jose,Manuel,IT,Luanda,Transfer,4048,1077,0.266057312,,
11/8/2023,KERO ,Pedro Alves,Pedro,Alves,Sales,Benguela,Cash,5906,1870,0.316627159,,
3/24/2022,SHOPRITE ANGOLA ,Ana Paula,Ana,Paula,Finance,Luanda,Card,6476,1963,0.303119209,,
3/1/2024,MAXI CASH ,Luiz Fernando,Luiz,Fernando,Logistics,Huambo,Cash,6540,1066,0.162996942,,
8/21/2022,AMAZON.CO ,Ana Paula,Ana,Paula,Logistics,Huambo,Card,4351,1723,0.396000919,,
10/13/2022,"TESLA, INC. ",Luiz Fernando,Luiz,Fernando,Finance,Luanda,Cash,6216,1651,0.265604891,,
8/16/2023,MAXI CASH ,Luiz Fernando,Luiz,Fernando,Logistics,Luanda,PayPal,4614,905,0.196142176,,
2/16/2022,AMAZON.CO ,Marta Silva,Marta,Silva,Finance,Luanda,PayPal,7432,636,0.085575888,,
2/27/2024,ARZAMART ,Ana Paula,Ana,Paula,Finance,Luanda,Transfer,5202,1549,0.297770088,,
7/1/2023,MAXI CASH ,Jose Manuel,Jose,Manuel,Sales,Luanda,Cash,5110,1328,0.259882583,,
3/8/2023,ARZAMART ,Ana Paula,Ana,Paula,IT,Luanda,Transfer,3996,1317,0.32957958,,
8/9/2022,"TESLA, INC. ",Ana Paula,Ana,Paula,Logistics,Huambo,Cash,3744,1448,0.386752137,,
1/10/2023,MAXI CASH ,Luiz Fernando,Luiz,Fernando,Logistics,Luanda,Cash,5172,1552,0.30007734,,
6/7/2023,"TESLA, INC. ",Carlos Miguel,Carlos,Miguel,Sales,Luanda,PayPal,6328,1043,0.164823009,,
6/29/2023,AMAZON.CO ,Marta Silva,Marta,Silva,IT,Luanda,Cash,7273,531,0.073009762,,
7/23/2022,KERO ,Marta Silva,Marta,Silva,IT,Luanda,Transfer,7663,798,0.104136761,,
6/12/2022,WALMART INTL ,Ana Paula,Ana,Paula,IT,Luanda,Card,7759,1285,0.165614126,,
9/16/2022,AMAZON.CO ,Pedro Alves,Pedro,Alves,Finance,Luanda,Card,5044,1748,0.346550357,,
10/25/2022,MAXI CASH ,Jose Manuel,Jose,Manuel,Finance,Luanda,Transfer,3495,1889,0.540486409,,
11/8/2023,MAXI CASH ,Jose Manuel,Jose,Manuel,IT,Luanda,Transfer,5723,1468,0.256508824,,
1/29/2022,SHOPRITE ANGOLA ,Luiz Fernando,Luiz,Fernando,Logistics,Huambo,Transfer,6696,1670,0.249402628,,
8/18/2023,ARZAMART ,Luiz Fernando,Luiz,Fernando,Finance,Luanda,PayPal,7703,786,0.102038167,,
7/9/2023,AMAZON.CO ,Ana Paula,Ana,Paula,Logistics,Huambo,Card,6314,1708,0.270509978,,
7/27/2022,KERO ,Carlos Miguel,Carlos,Miguel,Sales,Benguela,Transfer,3061,1106,0.36131983,,
4/24/2022,ARZAMART ,Marta Silva,Marta,Silva,Sales,Luanda,PayPal,7796,904,0.115956901,,
12/25/2023,ARZAMART ,Ana Paula,Ana,Paula,Logistics,Huambo,PayPal,3022,1077,0.356386499,,
6/11/2022,KERO ,Luiz Fernando,Luiz,Fernando,Sales,Luanda,Transfer,7854,838,0.106697224,,
11/15/2022,WALMART INTL ,Carlos Miguel,Carlos,Miguel,Sales,Luanda,Cash,6847,1085,0.158463561,,
1/19/2022,SHOPRITE ANGOLA ,Pedro Alves,Pedro,Alves,Logistics,Huambo,PayPal,6444,1319,0.20468653,,
5/3/2023,AMAZON.CO ,Carlos Miguel,Carlos,Miguel,IT,Luanda,Card,4699,1236,0.263034688,,
4/10/2022,"TESLA, INC. ",Ana Paula,Ana,Paula,Finance,Luanda,PayPal,7834,612,0.078121011,,
11/8/2022,"TESLA, INC. ",Carlos Miguel,Carlos,Miguel,Finance,Luanda,Transfer,4153,1537,0.370093908,,
7/7/2023,NOSSO SUPERMERCADO ,Luiz Fernando,Luiz,Fernando,IT,Luanda,Card,4110,681,0.165693431,,
9/3/2022,"TESLA, INC. ",Carlos Miguel,Carlos,Miguel,Logistics,Huambo,PayPal,5301,1560,0.294284097,,
10/6/2023,"TESLA, INC. ",Marta Silva,Marta,Silva,IT,Luanda,PayPal,6739,983,0.145867339,,
9/19/2023,SHOPRITE ANGOLA ,Luiz Fernando,Luiz,Fernando,Logistics,Huambo,Card,6331,867,0.13694519,,
4/17/2022,ARZAMART ,Jose Manuel,Jose,Manuel,Logistics,Huambo,PayPal,4186,1914,0.457238414,,
2/23/2023,WALMART INTL ,Carlos Miguel,Carlos,Miguel,Logistics,Huambo,PayPal,3979,514,0.129178185,,
2/11/2022,MAXI CASH ,Jose Manuel,Jose,Manuel,IT,Luanda,Cash,4801,1505,0.313476359,,
5/12/2022,KERO ,Pedro Alves,Pedro,Alves,Sales,Luanda,Card,6744,1941,0.287811388,,
9/25/2023,MAXI CASH ,Carlos Miguel,Carlos,Miguel,Finance,Luanda,Cash,0,1556,,,Profit margin unavailable — revenue missing or zero
7/26/2023,WALMART INTL ,Luiz Fernando,Luiz,Fernando,Sales,Luanda,Card,0,1520,,,Profit margin unavailable — revenue missing or zero
9/24/2023,ARZAMART ,Marta Silva,Marta,Silva,Logistics,Huambo,Card,5959,1774,0.297700957,,
8/4/2023,NOSSO SUPERMERCADO ,Jose Manuel,Jose,Manuel,IT,Luanda,Card,6012,,,Profit missing - likely pending allocation,Profit margin unavailable — revenue missing or zero
1/2/2024,NOSSO SUPERMERCADO ,Luiz Fernando,Luiz,Fernando,Finance,Luanda,Card,5368,,,Profit missing - likely pending allocation,Profit margin unavailable — revenue missing or zero
1/21/2023,SHOPRITE ANGOLA ,Carlos Miguel,Carlos,Miguel,Sales,Luanda,PayPal,7558,620,0.082032284,,
4/9/2022,"TESLA, INC. ",Pedro Alves,Pedro,Alves,Sales,Luanda,Transfer,7673,1928,0.251270689,,
5/26/2023,KERO ,Jose Manuel,Jose,Manuel,Finance,Luanda,Cash,7663,1038,0.135456088,,
4/27/2023,WALMART INTL ,Pedro Alves,Pedro,Alves,Finance,Luanda,Transfer,7683,1914,0.249121437,,
4/11/2022,MAXI CASH ,Pedro Alves,Pedro,Alves,Sales,Benguela,Card,0,1522,,,Profit margin unavailable — revenue missing or zero
4/18/2023,MAXI CASH ,Jose Manuel,Jose,Manuel,Sales,Benguela,Transfer,0,549,,,Profit margin unavailable — revenue missing or zero
2/7/2024,NOSSO SUPERMERCADO ,Luiz Fernando,Luiz,Fernando,Sales,Luanda,Card,0,1734,,,Profit margin unavailable — revenue missing or zero
6/18/2022,NOSSO SUPERMERCADO ,Pedro Alves,Pedro,Alves,IT,Luanda,Transfer,0,1335,,,Profit margin unavailable — revenue missing or zero
5/11/2023,"TESLA, INC. ",Marta Silva,Marta,Silva,Finance,Luanda,PayPal,6898,773,0.112061467,,
3/22/2023,MAXI CASH ,Carlos Miguel,Carlos,Miguel,Finance,Luanda,Cash,6859,1347,0.196384313,,
6/14/2022,WALMART INTL ,Jose Manuel,Jose,Manuel,Logistics,Huambo,Card,6551,1272,0.194168829,,
6/19/2023,WALMART INTL ,Luiz Fernando,Luiz,Fernando,Logistics,Huambo,Transfer,5654,1671,0.295542978,,
9/25/2022,"TESLA, INC. ",Marta Silva,Marta,Silva,Logistics,Huambo,Transfer,5681,558,0.098222144,,
8/11/2023,AMAZON.CO ,Pedro Alves,Pedro,Alves,Sales,Benguela,Transfer,5624,1330,0.236486486,,
5/16/2022,SHOPRITE ANGOLA ,Jose Manuel,Jose,Manuel,IT,Luanda,PayPal,3150,1126,0.357460317,,
1/20/2023,MAXI CASH ,Ana Paula,Ana,Paula,Logistics,Huambo,PayPal,3349,629,0.187817259,,
1/1/2022,"TESLA, INC. ",Luiz Fernando,Luiz,Fernando,Logistics,Huambo,PayPal,3187,820,0.257295262,,
12/21/2023,ARZAMART ,Luiz Fernando,Luiz,Fernando,Sales,Luanda,Card,7077,1053,0.148791861,,
9/4/2023,NOSSO SUPERMERCADO ,Marta Silva,Marta,Silva,Logistics,Huambo,Card,5737,,,Profit missing - likely pending allocation,Profit margin unavailable — revenue missing or zero
1/17/2023,SHOPRITE ANGOLA ,Luiz Fernando,Luiz,Fernando,Logistics,Luanda,Transfer,4507,,,Profit missing - likely pending allocation,Profit margin unavailable — revenue missing or zero
10/24/2022,WALMART INTL ,Ana Paula,Ana,Paula,IT,Luanda,Cash,3045,927,0.304433498,,
1/31/2023,SHOPRITE ANGOLA ,Carlos Miguel,Carlos,Miguel,Sales,Luanda,Transfer,5053,1588,0.314268751,,
12/11/2023,AMAZON.CO ,Jose Manuel,Jose,Manuel,Finance,Luanda,PayPal,5718,,,Profit missing - likely pending allocation,Profit margin unavailable — revenue missing or zero
12/20/2023,SHOPRITE ANGOLA ,Luiz Fernando,Luiz,Fernando,IT,Luanda,Cash,6533,,,Profit missing - likely pending allocation,Profit margin unavailable — revenue missing or zero
10/15/2023,KERO ,Ana Paula,Ana,Paula,Logistics,Huambo,PayPal,6680,,,Profit missing - likely pending allocation,Profit margin unavailable — revenue missing or zero
1/18/2023,SHOPRITE ANGOLA ,Ana Paula,Ana,Paula,Sales,Benguela,Cash,6101,,,Profit missing - likely pending allocation,Profit margin unavailable — revenue missing or zero
9/4/2022,NOSSO SUPERMERCADO ,Jose Manuel,Jose,Manuel,Logistics,Luanda,Cash,5666,1418,0.250264737,,
12/8/2022,KERO ,Carlos Miguel,Carlos,Miguel,Logistics,Huambo,Cash,4876,860,0.176374077,,
3/18/2022,MAXI CASH ,Carlos Miguel,Carlos,Miguel,Logistics,Luanda,Cash,7525,1181,0.156943522,,
4/18/2023,MAXI CASH ,Ana Paula,Ana,Paula,Logistics,Huambo,Transfer,5465,826,0.151143641,,
7/8/2022,MAXI CASH ,Pedro Alves,Pedro,Alves,Logistics,Luanda,Card,4623,1640,0.354747999,,
4/27/2022,AMAZON.CO ,Pedro Alves,Pedro,Alves,Sales,Luanda,Transfer,7428,,,Profit missing - likely pending allocation,Profit margin unavailable — revenue missing or zero
2/21/2022,MAXI CASH ,Luiz Fernando,Luiz,Fernando,Logistics,Luanda,Transfer,6162,1579,0.256247971,,
8/24/2023,ARZAMART ,Pedro Alves,Pedro,Alves,IT,Luanda,Card,6456,1940,0.300495663,,
11/19/2023,MAXI CASH ,Luiz Fernando,Luiz,Fernando,Sales,Luanda,Transfer,5283,1783,0.337497634,,
12/28/2023,ARZAMART ,Jose Manuel,Jose,Manuel,Logistics,Huambo,Card,5666,1829,0.322802683,,
4/27/2022,WALMART INTL ,Luiz Fernando,Luiz,Fernando,Sales,Luanda,PayPal,5250,1377,0.262285714,,
3/13/2023,"TESLA, INC. ",Marta Silva,Marta,Silva,Finance,Luanda,Cash,4059,1686,0.415373245,,
6/14/2023,KERO ,Jose Manuel,Jose,Manuel,Sales,Luanda,PayPal,4730,1442,0.304862579,,
8/12/2023,NOSSO SUPERMERCADO ,Luiz Fernando,Luiz,Fernando,Logistics,Huambo,Cash,5168,886,0.171439628,,
8/9/2022,KERO ,Ana Paula,Ana,Paula,Logistics,Huambo,PayPal,4287,1832,0.427338465,,
4/29/2022,AMAZON.CO ,Luiz Fernando,Luiz,Fernando,Logistics,Luanda,Transfer,6357,1789,0.281422054,,
3/2/2022,SHOPRITE ANGOLA ,Marta Silva,Marta,Silva,Sales,Benguela,Cash,6798,557,0.081935863,,
5/8/2022,AMAZON.CO ,Luiz Fernando,Luiz,Fernando,IT,Luanda,PayPal,5364,950,0.177106637,,
2/1/2024,MAXI CASH ,Ana Paula,Ana,Paula,Sales,Benguela,Cash,6491,1880,0.289631798,,
2/18/2022,"TESLA, INC. ",Pedro Alves,Pedro,Alves,Sales,Benguela,PayPal,5043,801,0.158834027,,
2/28/2023,SHOPRITE ANGOLA ,Pedro Alves,Pedro,Alves,Logistics,Luanda,PayPal,3399,656,0.192997941,,
10/30/2022,"TESLA, INC. ",Carlos Miguel,Carlos,Miguel,Sales,Benguela,Cash,4564,1466,0.321209465,,
12/2/2023,NOSSO SUPERMERCADO ,Pedro Alves,Pedro,Alves,Sales,Benguela,PayPal,3163,893,0.282326905,,
3/4/2023,KERO ,Pedro Alves,Pedro,Alves,Sales,Benguela,PayPal,6735,1403,0.208314774,,
3/16/2023,NOSSO SUPERMERCADO ,Pedro Alves,Pedro,Alves,Logistics,Luanda,Transfer,4357,1892,0.434243746,,
6/11/2022,"TESLA, INC. ",Pedro Alves,Pedro,Alves,Logistics,Luanda,Cash,5361,739,0.137847417,,
9/8/2023,WALMART INTL ,Marta Silva,Marta,Silva,Logistics,Luanda,Transfer,4289,,,Profit missing - likely pending allocation,Profit margin unavailable — revenue missing or zero
4/29/2022,"TESLA, INC. ",Luiz Fernando,Luiz,Fernando,Logistics,Huambo,Cash,0,700,,,Profit margin unavailable — revenue missing or zero
5/25/2022,MAXI CASH ,Ana Paula,Ana,Paula,Finance,Luanda,Transfer,6389,1622,0.253873846,,
7/19/2023,KERO ,Ana Paula,Ana,Paula,IT,Luanda,PayPal,3339,1949,0.583707697,,
7/15/2023,WALMART INTL ,Ana Paula,Ana,Paula,Sales,Luanda,Transfer,3609,1906,0.528124134,,
10/27/2022,ARZAMART ,Ana Paula,Ana,Paula,Sales,Luanda,PayPal,6317,961,0.152129175,,
12/17/2023,ARZAMART ,Luiz Fernando,Luiz,Fernando,Finance,Luanda,Cash,4529,1475,0.325678958,,
11/11/2023,NOSSO SUPERMERCADO ,Jose Manuel,Jose,Manuel,IT,Luanda,Cash,4667,1273,0.272766231,,
3/9/2023,ARZAMART ,Carlos Miguel,Carlos,Miguel,Finance,Luanda,Transfer,5378,1209,0.22480476,,
5/22/2022,ARZAMART ,Jose Manuel,Jose,Manuel,Logistics,Luanda,Cash,3490,,,Profit missing - likely pending allocation,Profit margin unavailable — revenue missing or zero
8/14/2023,WALMART INTL ,Pedro Alves,Pedro,Alves,Sales,Benguela,Transfer,7494,,,Profit missing - likely pending allocation,Profit margin unavailable — revenue missing or zero
4/25/2023,SHOPRITE ANGOLA ,Pedro Alves,Pedro,Alves,Sales,Benguela,PayPal,3831,656,0.171234665,,
9/20/2023,ARZAMART ,Pedro Alves,Pedro,Alves,IT,Luanda,Cash,5065,1487,0.293583416,,
2/28/2024,"TESLA, INC. ",Jose Manuel,Jose,Manuel,Sales,Luanda,Transfer,7548,1208,0.160042395,,
7/11/2023,"TESLA, INC. ",Luiz Fernando,Luiz,Fernando,Logistics,Luanda,Cash,6916,837,0.121023713,,
8/19/2023,SHOPRITE ANGOLA ,Jose Manuel,Jose,Manuel,IT,Luanda,PayPal,7936,1084,0.136592742,,
12/9/2022,"TESLA, INC. ",Carlos Miguel,Carlos,Miguel,Finance,Luanda,Transfer,7568,1774,0.234408034,,
10/23/2022,MAXI CASH ,Marta Silva,Marta,Silva,Finance,Luanda,PayPal,7432,1194,0.16065662,,
9/25/2023,"TESLA, INC. ",Luiz Fernando,Luiz,Fernando,Finance,Luanda,Cash,6011,1977,0.328897022,,
5/28/2023,KERO ,Marta Silva,Marta,Silva,Sales,Benguela,Card,7317,,,Profit missing - likely pending allocation,Profit margin unavailable — revenue missing or zero
1/31/2024,MAXI CASH ,Jose Manuel,Jose,Manuel,Finance,Luanda,Transfer,7880,1286,0.16319797,,
1/21/2024,ARZAMART ,Carlos Miguel,Carlos,Miguel,IT,Luanda,Transfer,6881,935,0.135881413,,
4/7/2022,KERO ,Marta Silva,Marta,Silva,IT,Luanda,Transfer,5509,628,0.11399528,,
11/9/2022,WALMART INTL ,Luiz Fernando,Luiz,Fernando,Sales,Luanda,Transfer,4864,785,0.161389803,,
1/18/2024,SHOPRITE ANGOLA ,Luiz Fernando,Luiz,Fernando,Logistics,Luanda,PayPal,7224,1751,0.242386489,,
8/1/2023,WALMART INTL ,Marta Silva,Marta,Silva,IT,Luanda,Transfer,5644,626,0.110914245,,
3/1/2023,"TESLA, INC. ",Jose Manuel,Jose,Manuel,IT,Luanda,PayPal,5655,751,0.132802829,,
7/15/2023,SHOPRITE ANGOLA ,Luiz Fernando,Luiz,Fernando,Sales,Luanda,Card,6728,1908,0.283590963,,
12/8/2023,KERO ,Luiz Fernando,Luiz,Fernando,Logistics,Huambo,Card,3106,,,Profit missing - likely pending allocation,Profit margin unavailable — revenue missing or zero
8/18/2023,WALMART INTL ,Pedro Alves,Pedro,Alves,Finance,Luanda,Card,3516,,,Profit missing - likely pending allocation,Profit margin unavailable — revenue missing or zero
5/25/2023,MAXI CASH ,Pedro Alves,Pedro,Alves,Logistics,Huambo,PayPal,3263,1458,0.446828072,,
4/2/2023,NOSSO SUPERMERCADO ,Ana Paula,Ana,Paula,Logistics,Luanda,Transfer,3290,878,0.266869301,,
11/26/2023,AMAZON.CO ,Ana Paula,Ana,Paula,Sales,Benguela,Cash,7683,1318,0.171547573,,
3/16/2023,SHOPRITE ANGOLA ,Ana Paula,Ana,Paula,Logistics,Huambo,Card,3722,1329,0.357066093,,
8/25/2023,"TESLA, INC. ",Carlos Miguel,Carlos,Miguel,Logistics,Huambo,PayPal,7139,948,0.132791708,,
5/4/2022,NOSSO SUPERMERCADO ,Ana Paula,Ana,Paula,Logistics,Luanda,Card,6050,1215,0.200826446,,
3/17/2023,KERO ,Luiz Fernando,Luiz,Fernando,IT,Luanda,Transfer,7804,664,0.085084572,,
6/23/2023,MAXI CASH ,Ana Paula,Ana,Paula,Sales,Benguela,Card,6315,1794,0.284085511,,
5/12/2023,MAXI CASH ,Luiz Fernando,Luiz,Fernando,Finance,Luanda,Card,6162,1867,0.302986043,,
2/22/2023,MAXI CASH ,Marta Silva,Marta,Silva,Sales,Luanda,PayPal,5542,1547,0.279141104,,
5/26/2023,AMAZON.CO ,Luiz Fernando,Luiz,Fernando,Finance,Luanda,PayPal,4781,1283,0.268353901,,
12/31/2022,WALMART INTL ,Luiz Fernando,Luiz,Fernando,Sales,Luanda,Card,3485,1582,0.453945481,,
7/27/2023,MAXI CASH ,Luiz Fernando,Luiz,Fernando,Finance,Luanda,PayPal,4239,1338,0.315640481,,
